2942 4625
726 288 767 351 27

184 470 240 554 qui
263 490 335 533 cum
358 470 418 534 hoc
441 467 646 551 comparandi
667 464 797 553 essent).
837 468 887 545 11,
907 467 947 531 13
971 471 1096 532 notitiae
1113 489 1152 532 oc
1174 468 1304 531 nominis

185 576 239 662 (cf.
256 577 310 655 36,
327 576 393 661 21).
432 575 520 654 12,6
545 577 613 639 1000
627 596 710 657 puro
733 584 762 639 et
784 578 966 641 innocentio.
1011 576 1062 654 12,
1089 576 1129 640 15
1152 580 1249 658 poetis
1276 585 1305 639 et

184 688 315 750 cotibus.
345 685 422 762 14,1
438 686 607 748 concitatus
617 693 646 745 et
656 685 823 747 instinctus.
850 683 900 762 17,
914 683 958 747 34
970 687 1152 766 couiuuqere
1163 694 1191 748 et
1202 705 1304 766 copu-

186 796 252 859 lare
265 790 318 879 (01.
331 790 396 857 010.
407 792 445 856 do
457 812 503 857 or.
515 790 542 870 1,
558 787 608 869 51,
625 791 705 858 222;
722 813 764 855 00
778 794 855 854 laec
866 794 945 855 iuter
960 814 993 855 se
1007 795 1092 874 iuuqi
1108 795 1306 876 copularique

184 905 312 985 possint.
330 921 376 965 or.
395 897 475 963 154:
492 900 664 981 copulando
676 902 772 963 oerbo
783 902 958 982 iuoqeoaut.
975 897 1058 966 Plio.
1068 920 1118 984 ep.
1130 898 1212 964 VIII
1225 899 1306 976 20,6

185 1009 336 1075 interdum
351 1011 474 1071 iunctae
486 1007 707 1089 copulataeque
718 1017 788 1072 suut
799 1008 924 1093 aquae).
940 1007 992 1087 18,
1006 1007 1026 1071 6
1039 1010 1158 1073 ltorrirli
1170 1018 1199 1072 et
1209 1012 1307 1090 impo-

185 1121 231 1183 liti
246 1126 275 1181 el
296 1117 388 1180 rudes
410 1124 440 1179 et
461 1115 608 1196 informes
632 1111 685 1198 (01
702 1111 741 1182 G.
758 1114 801 1192 45
817 1120 955 1181 sucinum
971 1164 979 1180 .
997 1163 1005 1180 .
1022 1118 1100 1180 rude
1115 1119 1235 1199 leqilur,
1259 1118 1307 1178 io·

185 1228 285 1308 farrae
307 1221 489 1307 perfertur).
530 1220 581 1300 19,
608 1221 625 1285 7
648 1224 763 1288 iudicio
786 1233 815 1287 et
836 1227 997 1289 intellectu.
1039 1224 1089 1304 19,
1115 1224 1157 1289 27
1181 1225 1307 1299 iudices,

188 1336 241 1417 qui
262 1336 294 1397 ci
316 1341 344 1396 et
365 1334 526 1415 potestate,
549 1352 611 1396 uou
633 1334 700 1395 iure
723 1340 778 1395 aut
801 1334 916 1415 leqious
932 1342 1116 1416 coquoscuut
1138 1330 1192 1418 (01.
1209 1328 1248 1396 G.
1264 1328 1308 1392 42

188 1445 234 1506 oie
261 1450 289 1505 et
315 1441 462 1523 potentio.
515 1436 556 1505 H.
580 1436 624 1517 ΙΙ,
652 1439 705 1506 39.
736 1437 798 1518 ΙΠ,
829 1441 882 1507 11.
912 1438 1000 1505 Caes.
1030 1441 1062 1506 b.
1092 1459 1124 1525 g.
1148 1436 1206 1519 VI,
1240 1436 1307 1523 14).

189 1548 242 1628 22,
269 1547 309 1612 17
339 1549 446 1628 firmus
473 1556 502 1610 et
530 1549 699 1612 duraturus
724 1551 842 1631 paries.
889 1547 942 1625 22,
967 1547 1008 1613 27
1039 1550 1134 1613 lurda
1162 1557 1190 1611 el
1218 1548 1311 1610 inerti

189 1666 355 1722 structura.
391 1654 445 1734 23,
463 1654 507 1720 30
523 1657 700 1737 maliquitos
715 1665 744 1719 et
765 1658 883 1721 inuidia
906 1654 961 1735 25,
977 1656 1020 1720 33
1036 1679 1098 1722 nou
1118 1658 1310 1737 moliqoitate

191 1788 245 1831 aec
274 1765 401 1829 inuidia.
449 1762 501 1843 25,
527 1762 568 1827 31
599 1772 630 1827 et
658 1766 795 1828 incidere
827 1774 855 1829 et
883 1767 975 1829 licere
1003 1766 1116 1829 eoliae.
1163 1762 1243 1848 Agr.
1267 1761 1308 1825 41

196 1876 388 1955 maliquitote
423 1881 451 1935 et
480 1874 576 1936 liuore
610 1869 663 1957 (01.
699 1869 775 1938 Sen.
807 1871 846 1937 de
874 1872 923 1937 ira
951 1869 1011 1950 ΙΠ,
1034 1869 1065 1950 5,
1091 1870 1111 1935 8
1138 1875 1188 1935 iro
1220 1873 1313 1933 oiucit

190 1984 409 2064 maliquitutem
436 1990 464 2043 et
486 1981 643 2045 iuvidiam.
692 1975 872 2046 6000001.
898 1979 956 2045 34:
991 2002 1053 2046 uon
1078 1984 1195 2045 miuore
1217 1981 1311 2042 lioore

191 2100 283 2174 atque
314 2089 504 2170 maliquitate
528 2138 537 2155 .
562 2136 569 2152 .
593 2097 757 2171 praecatus
784 2088 853 2174 est).
904 2086 946 2154 Η.
975 2087 991 2152 I
1031 2089 1046 2151 1
1075 2090 1256 2154 obtrectatio
1283 2094 1312 2148 el

190 2202 279 2264 liuor.
326 2194 359 2259 H
383 2194 426 2259 99
450 2197 589 2261 odiorum
616 2198 809 2279 iuoicliaeque
838 2198 1069 2263 admouebatur.
1117 2194 1156 2259 Α.
1180 2192 1230 2259 ΙΙΙ
1257 2193 1312 2257 1οε

189 2308 291 2372 ollium
321 2315 350 2369 et
378 2305 526 2368 iuvidiam
555 2307 641 2387 opud
656 2308 766 2370 multos
781 2307 884 2369 colere
900 2304 974 2392 (or.)
987 2304 1017 2391 ¹)
1051 2304 1093 2372 Η.
1110 2303 1126 2367 I
1143 2302 1185 2368 65
1202 2324 1311 2366 aema-

193 2419 268 2479 lotio
292 2423 321 2478 et
343 2414 470 2477 inuidia.
505 2410 595 2477 1121
621 2416 739 2479 inuidia
762 2423 791 2478 et
813 2417 1026 2479 aemulatione.
1061 2411 1175 2477 11101
1202 2432 1311 2475 ocurre-

192 2526 307 2588 latioue
329 2523 515 2603 inuidiaque.
550 2518 601 2583 III
625 2520 668 2586 65
691 2525 809 2586 inuidia
832 2532 861 2587 et
876 2525 1089 2589 aemulatione.
1127 2519 1167 2586 In
1189 2518 1310 2584 annali·

189 2633 249 2696 bus
273 2629 353 2695 talia
380 2650 444 2693 non
471 2628 535 2693 iam
562 2628 754 2705 obveniuot3
789 2629 829 2711 01,
855 2629 893 2694 Α.
918 2627 1000 2694 XIII
1022 2625 1245 2695 42‘Seuecam
1270 2676 1276 2691 .
1303 2677 1310 2690 .

192 2742 284 2804 licere
308 2742 351 2802 eis
379 2735 458 2821 (non
486 2736 595 2801 addito
624 2735 826 2822 synonymo).
877 2737 959 2814 Quid
992 2743 1099 2804 autem
1134 2734 1313 2801 intercedat

197 2844 385 2911 discriminis
400 2844 486 2908 iniec
501 2843 560 2908 has
572 2865 672 2922 vacce,
689 2844 810 2927 optime
826 2847 995 2929 apparebit
1011 2867 1051 2911 ex
1066 2844 1148 2910 Plin.
1165 2867 1239 2929 pan.
1255 2845 1312 2908 84:

197 2955 361 3016 aemulatio
384 2955 523 3015 noscitur
545 2974 585 3016 ea
609 2955 833 3033 coniunctione,
863 2955 957 3016 alitur
983 2957 1184 3037 aequalitate,
1213 2975 1313 3017 eaor-

197 3063 292 3125 cleccil
315 3060 441 3138 inuidia,
466 3062 552 3123 cuius
573 3061 643 3140 fiais
665 3068 711 3123 eet
733 3061 844 3125 odium.
864 3096 906 3108 -
927 3061 981 3139 26,
1005 3059 1027 3125 2
1050 3067 1163 3144 optimo
1186 3071 1215 3126 et
1236 3083 1313 3144 per-

193 3170 361 3251 fectissimo
384 3188 494 3250 qenere
518 3170 707 3251 eloquentiae
732 3166 935 3252 (0134,22;
960 3173 1090 3252 optimus
1111 3181 1141 3235 et
1163 3173 1313 3235 electissi-

193 3274 284 3361 mus),
332 3273 385 3353 28,
413 3273 454 3338 19
476 3276 616 3357 probatis
638 3279 853 3360 spectatisque.
893 3276 948 3356 29,
975 3278 1012 3342 11
1037 3280 1170 3360 propria
1194 3298 1233 3341 ac
1253 3300 1314 3358 pe-

195 3387 328 3448 culiaria
351 3386 427 3447 uitia
457 3379 558 3466 (Suet.
582 3381 667 3469 Aug.
692 3383 723 3448 5.
755 3389 845 3468 quasi
871 3390 1080 3470 propriosne
1103 3388 1315 3469 acpeculiuri

193 3494 260 3559 eleo.
313 3490 396 3556 Plin.
426 3490 555 3575 00112.
585 3496 690 3574 optimi
720 3515 886 3577 coquomeu
910 3544 920 3562 .
944 3544 953 3562 .
980 3496 1137 3577 peculiare
1166 3496 1255 3557 leuius
1286 3503 1315 3556 et

191 3598 377 3683 proprium).
423 3598 477 3675 29,
515 3598 556 3662 14
584 3611 753 3684 occupatus
787 3612 816 3666 et
845 3605 984 3668 obsessus
1012 3606 1141 3667 animus.
1188 3601 1242 3680 30,
1271 3600 1313 3665 23

193 3728 295 3769 rerum
318 3715 417 3770 motus
440 3728 612 3792 causaeque
628 3721 814 3792 copuooerat
837 3708 998 3795 (similiter
1014 3730 1196 3775 causacum
1212 3709 1314 3774 altero

194 3813 348 3878 vocabulo
372 3812 509 3878 eiusdem
533 3814 599 3880 iere
621 3817 764 3882 notionis
788 3818 995 3905 coniungitur
1009 3817 1072 3904 Ag.
1092 3818 1133 3882 10
1157 3839 1254 3881 causa
1276 3839 1315 3881 oc

194 3925 335 3986 materia.
361 3918 437 3984 (1.9
462 3943 558 3987 causo
581 3934 609 3986 et
625 3928 723 4007 oripo.
748 3924 822 3989 H.I
845 3925 899 3991 51.
924 3924 1003 3991 111.
1027 3929 1116 3990 initia
1132 3946 1313 4008 causasque.

193 4064 368 4074 ...mm-...mu

271 4151 298 4219 ¹)
318 4152 455 4224 Exemplo.
474 4153 527 4208 hoc
545 4153 617 4245 siglo
637 4158 699 4221 (or.)
719 4157 820 4211 not-ota
838 4156 931 4226 petita
952 4157 1017 4212 sunt
1041 4173 1075 4211 ex
1102 4155 1278 4213 orationibus
1297 4174 1314 4212 a

195 4243 295 4299 Tacito
312 4243 395 4300 fictir.
