2942 4625
724 276 766 348 59

186 457 301 523 babeas
324 456 402 545 (or.)
426 497 470 506 -
492 458 534 524 H„
551 457 599 525 IV
615 456 672 526 14:
696 462 882 543 conpositae
906 458 1069 524 seditionis
1092 467 1243 525 auctores.
1259 498 1303 507 -

187 562 227 629 Α.
250 564 286 630 Π
309 562 366 630 53:
383 566 514 652 foederi
536 568 636 633 sociae
652 576 681 633 et
704 575 841 634 uetustae
860 565 949 630 urbia
968 565 1088 629 datum.
1105 601 1150 612 -
1164 564 1204 631 A.
1221 566 1303 631 XIV

188 666 246 735 27:
271 671 362 736 orbas
384 674 451 737 sine
468 678 605 756 posteris
627 675 733 740 darnae
755 672 980 758 relinquebant.
1313 679 1316 687 '

276 777 384 859 Atque
407 778 519 845 horum
535 779 662 861 quidem
677 780 720 847 ad
734 781 872 864 primum
885 779 991 844 locum
1005 777 1141 843 Ernesti
1152 783 1302 845 annotet:

194 884 327 968 ,rectius
339 888 443 954 totum
454 887 590 952 verbum
602 885 844 974 (praeteritum)
857 887 999 967 abesset,
1009 884 1204 966 praesertim
1219 884 1305 967 apud

189 990 382 1074 scriptorem
412 991 588 1060 brevitatis
619 994 748 1062 nomine
779 994 955 1061 laudatum.
1002 991 1114 1058 Cicero
1148 996 1237 1058 certe
1270 997 1305 1057 et

187 1097 303 1165 Livius
337 1097 546 1165 omisissent‘
604 1100 663 1167 Oui
694 1106 732 1167 ut
762 1101 824 1167 hoc
850 1100 885 1165 in
906 1100 977 1165 loco
1000 1098 1105 1164 libens
1129 1098 1318 1181 assentior,¹

188 1204 238 1270 ita
259 1204 294 1269 in
317 1204 436 1271 ceteris
460 1225 586 1287 quoque
610 1211 804 1293 conpositae,
834 1209 944 1298 soene,
970 1206 1062 1271 orbas
1085 1205 1120 1272 si*
1137 1207 1302 1287 abessent,

189 1331 230 1377 ne
252 1310 416 1378 minimum
439 1311 568 1393 quidem
590 1313 742 1381 dolerem.
771 1316 855 1381 Nam
868 1314 1097 1395 intellegamus
1120 1311 1198 1380 licet
1221 1332 1303 1378 com-

190 1416 329 1500 ponendi
352 1419 487 1486 verbum
511 1438 548 1486 eo
572 1439 680 1504 sensu,
704 1427 743 1488 ut
766 1422 828 1488 sit:
851 1424 970 1504 parata
994 1421 1077 1486 clam
1093 1423 1127 1485 et
1141 1418 1305 1485 instructa

191 1524 253 1611 (sic
275 1523 412 1591 Ernesti
434 1526 514 1608 vult,
538 1546 643 1608 neque
657 1528 707 1594 ite
722 1530 858 1595 multum
881 1526 991 1593 differt
1006 1528 1047 1592 ab
1063 1527 1124 1592 hoc
1138 1526 1301 1607 Heraeus,

191 1651 262 1698 cum
273 1631 343 1698 eins
353 1631 419 1699 vim
431 1632 542 1698 verbis
559 1635 764 1718 comminisci,
776 1640 905 1702 struere
922 1631 1182 1719 circumscribit),
1195 1637 1305 1698 tanim

189 1757 231 1804 ne
255 1737 302 1805 sic
325 1737 453 1821 quidem
476 1744 624 1825 apparet,
649 1742 727 1823 quid
743 1762 862 1809 musae
884 1740 995 1824 fuerit,
1021 1759 1078 1806 cur
1098 1738 1225 1805 omnino
1248 1739 1304 1805 ad-

190 1845 332 1928 deretur,
358 1844 434 1927 quia
455 1846 517 1912 hoc
540 1847 668 1929 quidem
689 1849 723 1915 in
746 1868 893 1916 connexu
917 1849 1019 1914 solum
1035 1846 1215 1929 ,seffiuonis
1232 1865 1306 1912 auc·

190 1954 291 2018 tores‘
306 1951 392 2018 idem
416 1951 486 2020 fere
512 1955 611 2021 valet.
657 1956 771 2038 Neque
795 1954 1017 2022 necessarium
1042 1972 1116 2020 esse
1136 1952 1306 2026 ,existima-

190 2058 303 2141 verim,
319 2060 441 2142 urbem,
467 2059 508 2125 de
523 2060 614 2127 cinus
630 2061 764 2129 foedere
780 2082 884 2128 sermo
901 2066 963 2145 est,
989 2060 1110 2128 sociam
1125 2062 1302 2142 appellare.

190 2165 339 2247 Denique
356 2171 501 2233 extremo
524 2166 560 2233 in
573 2169 645 2234 loco
661 2168 894 2235 abundantiam
909 2168 1009 2235 etiam
1033 2187 1054 2233 a
1077 2168 1246 2250 Draegero
1273 2172 1308 2232 ct

191 2272 388 2356 Nipperdeio
414 2277 561 2341 notatam
592 2294 666 2342 esse
692 2274 779 2358 nidi3
824 2275 880 2343 ille
910 2280 1020 2343 autem
1046 2274 1128 2358 ,sine
1153 2273 1306 2357 posteris‘

191 2381 358 2447 abundare
382 2381 558 2465 existimet,
585 2382 733 2464 equidem
757 2402 829 2450 eum
852 2382 1048 2466 Nipperdeio
1073 2384 1194 2466 ,orbas‘
1219 2383 1306 2448 nullo

192 2488 375 2554 sententiae
388 2487 581 2555 detrimento
594 2490 713 2556 abesse
724 2509 823 2574 posse
839 2488 1028 2571 statuerim
1044 2491 1162 2577 (neque
1177 2507 1305 2571 vereor,

191 2615 232 2661 ne
258 2615 295 2662 eo
319 2594 447 2663 nomine
470 2598 702 2682 reprehendar,
728 2596 805 2679 qnia
828 2597 1034 2681 adiectiuum,
1062 2596 1149 2679 quod
1171 2615 1236 2662 non
1259 2595 1308 2661 ita

193 2702 359 2769 diversum
374 2702 418 2770 sit
434 2722 454 2769 a
468 2703 641 2786 participio
658 2706 823 2788 ,orbatas‘‚
848 2704 882 2771 in
907 2704 1152 2788 participiorum
1175 2722 1307 2770 numero

191 2808 322 2896 habeo.)

279 2917 451 2984 Postremo
477 2916 512 2983 in
527 2917 781 3000 disputationem
802 2937 954 2985 vocemus
980 2917 1019 2983 A.
1047 2917 1112 2983 XV
1139 2915 1200 2983 53:
1227 2918 1307 2982 Piso

191 3024 280 3109 apud
295 3025 403 3089 aedem
420 3025 542 3091 Cereris
563 3028 772 3110 opperiretur,
788 3027 872 3091 unde
887 3047 957 3091 euru
966 3026 1151 3111 praefectus
1165 3025 1308 3090 Faenius

193 3141 222 3198 et
236 3134 330 3198 ceteri
344 3135 477 3198 aecitrun
483 3134 613 3219 ferrent
628 3136 663 3197 in
673 3141 789 3198 caetra.
820 3133 990 3215 ,Accitum‘
1007 3131 1092 3198 enim
1105 3130 1152 3197 ibi
1166 3130 1309 3213 positum

194 3243 255 3322 est,
272 3238 338 3306 etsi
352 3238 481 3305 minime
493 3238 708 3324 desideratur,
724 3259 796 3307 cum
813 3239 967 3308 invcrbis
979 3239 1075 3323 ,unde
1085 3258 1157 3306 eum
1171 3237 1308 3305 ferrent‘

194 3364 260 3412 non
276 3348 414 3414 obscure
433 3348 547 3429 lateat,
574 3366 646 3413 eum
668 3346 746 3414 inde
769 3347 878 3415 acciri
911 3346 997 3431 Quid
1020 3351 1129 3413 autem
1153 3365 1233 3429 opus
1257 3350 1310 3412 est

194 3453 319 3520 duabus
343 3454 487 3538 vocibus
522 3453 552 3520 si
584 3474 649 3521 una
673 3455 858 3522 sententiae
882 3452 1180 3537 satisfactumque
1203 3453 1310 3520 altera

193 3561 400 3637 memorabile
415 3563 470 3630 vel
485 3581 589 3645 grave
605 3560 778 3644 quidquam
792 3561 828 3628 in
843 3581 915 3629 eam
929 3559 1056 3627 infert?

283 3668 372 3736 Satis
389 3670 456 3736 sint
471 3670 553 3736 haec
568 3668 656 3735 dicta
680 3669 721 3735 de
745 3668 928 3752 participiis
953 3668 1157 3737 abundanter
1181 3666 1307 3750 positis,

195 3797 278 3858 quae
303 3796 362 3860 pro
390 3776 561 3859 scriptoris
587 3776 850 3858 breviloquentia
886 3776 969 3853 satis
1004 3777 1101 3860 larga
1136 3778 1310 3842 occurrunt

194 3891 298 3966 nique
315 3884 417 3951 solum
431 3884 465 3950 in
480 3884 643 3968 prioribus
659 3883 802 3967 scriptis,
820 3883 878 3949 sed
894 3883 1002 3967 etiam,
1020 3883 1084 3949 etsi
1099 3883 1310 3950 decrescente

194 3992 362 4075 paullatim
377 4011 519 4075 numera,
535 3991 570 4058 in
584 3990 741 4058 Historiis
758 3995 792 4057 et
806 3990 987 4057 Annalibus
1003 3990 1219 4074 reperiuntur.

281 4099 322 4167 In
338 4099 473 4175 confinio
490 4105 599 4167 autem
613 4098 707 4166 huius
724 4104 759 4167 et
773 4098 939 4183 proximae
955 4098 1061 4181 panis
1077 4096 1311 4164 locumhabeat

195 4208 235 4277 G.
253 4204 313 4277 18:
349 4211 530 4296 incipientia
552 4211 749 4277 matrimonii
772 4209 933 4294 auspiciu,
967 4205 1023 4275 ubi
1057 4223 1129 4274 cum
1158 4205 1311 4292 uraniis
