2942 4625
700 282 744 352 50

160 471 251 528 1111111
272 466 451 547 sententiae,
475 483 554 549 qnae
569 463 747 528 conandum
762 464 904 529 amnibus
918 464 1044 529 modis.
1062 512 1069 529 .
1094 463 1276 551 censerent)

160 574 270 635 tamen
306 568 470 646 interdum
513 568 586 635 aliis
629 569 811 643 rationibus
855 569 1032 653 scriptores
1074 569 1109 636 id
1146 570 1277 637 efficere

161 676 365 743 studuerunt.

248 783 346 850 Cuius
381 782 512 866 generis
546 783 627 850 haec
654 784 741 866 apud
768 782 917 851 Tacitum
948 783 1026 849 mihi
1057 786 1274 852 obvenerunt:

158 891 200 955 H.
224 888 357 956 11139:
381 891 493 955 andita
517 900 560 956 est
588 891 707 956 Vitellii
729 913 798 975 aaa,
822 912 938 978 quase
962 941 970 956 .
995 941 1003 956 .
1022 894 1150 975 pauisse
1172 894 1274 957 ocuios

159 1006 296 1082 spectata
312 999 434 1062 inimici
450 1006 547 1063 morte
563 1001 701 1064 iactauit.
719 1036 763 1045 —
778 998 832 1064 ΙΠ
846 997 903 1063 411
935 999 1049 1064 Valens
1070 1021 1110 1064 ne
1132 1002 1168 1063 in
1190 1008 1276 1064 tanto

159 1105 283 1191 quidem
306 1105 488 1170 discrimine
511 1107 651 1193 infamia
675 1109 789 1190 carnit,
814 1108 979 1192 quominus
1006 1126 1117 1191 rapere
1138 1108 1276 1172 inlicitas

158 1214 329 1298 uoluptates
351 1209 537 1278 crederetur.
573 1212 615 1278 of.
639 1213 678 1278 A.
703 1211 768 1279 XV
790 1211 848 1278 44:
884 1213 948 1278 Sed
970 1235 1034 1278 non
1057 1235 1113 1298 ope
1135 1214 1276 1279 bumana

159 1369 166 1384 .
192 1368 201 1385 .
225 1319 387 1385 decedebat
421 1322 569 1407 infamia,
604 1323 681 1406 quin
712 1322 831 1386 iustum
871 1321 1050 1385 incendium
1088 1322 1276 1386 crederetur.

158 1463 203 1473 —
224 1426 264 1491 A.
287 1425 336 1492 IV
359 1423 416 1492 52:
449 1436 553 1493 scente
586 1428 819 1493 adseueratione
853 1427 1006 1512 Caesaris,
1037 1450 1099 1514 qua
1127 1449 1183 1493 suo
1206 1431 1277 1492 iure

158 1534 309 1598 disertum
325 1555 394 1599 eum
408 1536 589 1619 appellauit.
606 1571 650 1581 -
665 1533 704 1599 A.
721 1534 773 1599 XI
789 1532 824 1599 4:
846 1543 1017 1600 nocturnae
1035 1537 1147 1621 qnietis
1162 1538 1276 1618 species

157 1642 251 1705 atteri
289 1641 413 1725 obieeta,
453 1649 614 1728 tamqnam
651 1642 778 1707 uidisset
818 1641 987 1706 Obarcdium
1021 1645 1124 1726 spicea
1161 1662 1276 1707 corona

158 1749 320 1813 evinctum.
337 1786 381 1796 -
396 1746 436 1813 A.
452 1748 517 1815 XV
540 1744 595 1815 20:
620 1770 685 1814 una
705 1770 765 1813 noa
787 1751 854 1813 eius
876 1770 972 1835 usque
994 1749 1038 1812 ad
1060 1750 1277 1813 contumeliam

157 1864 283 1920 senatus
299 1863 529 1940 penetrauerat,
553 1856 635 1941 quod
657 1856 837 1940 dictitasset,
861 1858 897 1920 in
919 1877 977 1921 sum
996 1863 1147 1940 potestate
1169 1859 1275 1921 situm.

156 1960 206 2027 Ao
238 1960 350 2028 dubito
381 1981 424 2028 an
455 1960 526 2029 iure
550 1962 612 2028 huc
636 1961 802 2028 referatur
825 1963 867 2028 H.
898 1963 933 2027 H
949 1960 1006 2027 54:
1033 1962 1152 2028 Coenus
1176 1965 1277 2028 atroci

157 2068 317 2133 mmdacio
354 2072 516 2135 uniuersos
545 2071 691 2153 perculit,
735 2071 907 2156 affirmans
931 2119 938 2134 .
964 2118 972 2133 .
996 2090 1097 2135 caesos
1130 2072 1277 2152 uictores;

158 2174 270 2241 codem
305 2174 389 2242 enim
423 2173 556 2242 consilio
589 2175 797 2258 participium
820 2175 1009 2260 ‚affimnans‘
1032 2175 1173 2257 positum
1201 2194 1277 2241 esse

156 2280 272 2367 iudico,
297 2301 359 2364 quo
384 2281 557 2350 enunciata
579 2282 638 2349 1111
659 2282 811 2351 relativa.

245 2389 358 2471 Neque
392 2409 471 2456 vero
506 2389 602 2456 nimis
637 2391 733 2459 anxie
769 2391 919 2457 Tacitum
945 2389 1020 2456 huic
1049 2390 1277 2456 consuetudini

157 2498 404 2578 obtemperasse
450 2497 627 2564 ostendunt
674 2498 761 2563 tales
794 2497 870 2564 loci:
925 2497 1006 2580 Agr.
1032 2495 1065 2562 9:
1113 2501 1277 2562 comitante

157 2607 303 2689 opinione
315 2605 523 2670 Britanniam
538 2607 567 2669 ei
577 2607 779 2688 prouinciam
800 2606 885 2670 dari.
899 2641 943 2651 -
959 2601 1275 2687 1141111111-
1394 2606 1397 2610 ’
1461 2652 1462 2661 ,

156 2732 251 2795 super
274 2713 461 2796 opinionem,
486 2711 617 2797 Sqriam
634 2715 833 2796 prouinciam
856 2712 1024 2796 Apricolae
1044 2711 1207 2776 destinari.
1232 2749 1276 2758 —

156 2819 218 2902 Ag.
244 2815 302 2884 43:
325 2817 458 2905 auqebat
480 2820 711 2884 miserationem
733 2827 878 2884 constans
898 2839 1017 2902 rumor,
1041 2839 1155 2883 ueneno
1179 2820 1276 2882 inter·

156 2933 286 3010 ceptum.
310 2962 355 2972 -
382 2924 423 2990 A.
446 2924 511 2991 XV
534 2922 591 2991 201
615 2926 704 2991 uobis
726 2929 833 3010 opinio
857 2926 993 3010 decedat,
1022 2925 1276 3011 qualisquisque

158 3032 319 3116 habeatnr,
343 3033 421 3097 abibi
444 3055 538 3119 quam
560 3036 596 3098 in
618 3036 734 3098 ciuium
757 3034 874 3099 iudicio
904 3055 976 3098 esse.
999 3069 1044 3080 —
1066 3029 1106 3096 A.
1130 3030 1195 3096 XV
1217 3028 1274 3095 64:

155 3139 268 3204 addita
290 3161 368 3223 noce,
393 3139 492 3205 libare
520 3161 551 3205 se
574 3141 726 3226 liquorem
753 3141 844 3204 diam
872 3139 942 3204 Iooi
972 3139 1143 3203 liberatori.
1167 3175 1211 3184 -
1233 3136 1273 3202 A.

154 3244 203 3311 IV
231 3241 289 3310 641
324 3246 491 3312 adduntur.
517 3250 696 3331 sentmtiae,
724 3255 760 3310 ut
786 3267 874 3311 mons
904 3244 1029 3310 Caelius
1056 3248 1091 3309 in
1113 3252 1275 3329 posterum

154 3352 317 3438 Anqustus
339 3354 564 3437 appellaretur.
588 3391 632 3403 -
654 3353 694 3418 A.
710 3352 780 3417 XII
802 3350 857 3416 11:
887 3353 1014 3417 addidit
1037 3359 1216 3436 praecepta,
1239 3358 1275 3415 nt

156 3480 220 3524 noa
242 3459 486 3525 dominationem
509 3468 538 3525 et
560 3481 663 3526 seruos
685 3459 740 3524 sed
762 3466 910 3524 rectorem
933 3467 962 3524 et
984 3462 1064 3523 ciues
1086 3462 1245 3545 copitaret.

243 3564 416 3633 Rationem
439 3571 548 3632 autem
570 3565 665 3632 huius
687 3564 927 3632 inconstantiae
951 3565 1078 3647 qualem
1100 3565 1272 3630 reddamus

155 3671 302 3754 equidem
336 3693 401 3740 non
429 3672 537 3741 video:
572 3691 648 3739 nam
676 3671 741 3739 etsi
768 3671 960 3755 quibusdam
986 3671 1020 3736 in
1052 3670 1133 3737 locis
1162 3689 1273 3738 conce-

155 3779 294 3846 dendum
317 3784 378 3864 est,
402 3778 499 3846 leniri
522 3778 673 3845 duritiem
688 3778 778 3845 illam
794 3767 991 3861 interposita
1006 3776 1072 3843 alia
1097 3777 1270 3861 sententia,

153 3885 202 3952 ita
224 3890 261 3952 ut
283 3906 348 3952 11111
371 3887 590 3969 subsequatur
613 3885 820 3953 enunciatum
842 3904 964 3968 vocem,
989 3904 1031 3951 ex
1054 3904 1118 3966 qua
1151 3884 1272 3968 pendet

154 3990 261 4076 (velut
283 3992 323 4056 A.
346 3993 411 4059 XV
433 3990 505 4080 20),
530 3997 640 4058 tamen
668 3992 745 4074 quid
771 3991 912 4060 moverit
939 3991 1145 4074 scriptorem,
1171 3995 1209 4058 ut
1230 3989 1270 4054 A.

153 4094 331 4163 111111
358 4097 482 4163 verbis:
507 4102 632 4181 ,secuta
658 4098 921 4165 adseveratione
949 4097 1173 4166 accusativum
1200 4115 1271 4162 cum

152 4199 312 4266 infinitivo
325 4201 525 4281 suspendere
538 4203 648 4285 nollet,
660 4202 700 4268 A.
713 4203 778 4269 XV
789 4201 831 4268 64
844 4222 885 4268 ex
900 4205 1024 4272 verbis:
1042 4201 1165 4287 ,addita
1180 4203 1271 4268 vooe‘
