2942 4625
622 204 777 275 161

87 384 123 471 (l.
146 383 168 452 l.
191 404 223 468 p.
248 381 305 472 14)
329 385 384 468 ,et‘
406 384 569 480 particula
595 384 631 453 id
657 383 792 470 adiungi
825 405 1016 473 memorans,
1052 389 1137 473 quod
1160 410 1202 459 ex

85 492 247 575 prioribus
270 483 471 575 consequens
495 489 548 577 sit,
573 491 625 579 (ut
648 495 704 578 ,et‘
726 493 813 561 idem
834 496 947 564 valeat
969 500 1069 580 atque
1091 503 1136 581 ,et
1159 498 1200 565 de

86 618 126 666 ea
135 598 260 687 causa‘)
270 598 452 667 rectissime
463 601 1200 683 perspectosententiarumconnexuabundan·

84 707 173 793 tiam,
199 727 294 790 quam
316 691 363 776 ibi
384 727 535 792 agnosco,
560 727 625 775 non
647 708 780 777 videtur
803 729 877 777 esse
900 714 1040 778 tutatus.
1089 712 1202 781 Abun-

85 814 164 882 dare
187 820 296 883 autem
310 814 416 882 iudico
432 833 545 885 vocem
561 815 726 899 ‚damnati‘
751 822 868 885 utnon
887 818 1024 885 obscure
1043 817 1202 887 latentem

83 922 117 989 in
141 923 291 1006 sequenti
314 922 429 1007 ‚pulsi‘,
455 921 574 1008 (neque
596 923 707 1007 patiar
723 924 878 992 auxilium
892 925 998 1008 petia
1019 925 1089 993 loco
1105 926 1200 994 huius

85 1030 182 1097 simili
204 1031 246 1097 H.
270 1029 345 1096 14:
370 1031 592 1098 damnatorum
625 1034 826 1117 clausulam,
856 1032 932 1116 quia
955 1032 1105 1100 exsulare
1128 1041 1200 1101 cum
1285 1031 1287 1034 ’

83 1137 182 1204 etiam
218 1143 334 1221 sponte
357 1138 474 1222 aliquis
497 1137 612 1223 possit,
649 1139 894 1223 ,damnatorum‘
918 1139 1091 1225 significat,
1125 1140 1199 1209 illos

82 1245 116 1310 in
140 1244 288 1313 exsilium
310 1265 375 1313 non
399 1266 472 1315 esse
495 1247 580 1314 ultro
603 1246 774 1329 profectos¹
794 1248 852 1315 sed
866 1247 984 1315 iudicio
1007 1248 1197 1331 proiectos).

83 1352 214 1419 Dixerit
237 1353 319 1437 quis,
344 1353 396 1420 hic
412 1373 538 1437 quoque
554 1354 689 1421 Tacitus
705 1354 844 1438 primum
858 1354 1012 1423 universe
1028 1355 1116 1440 dicit,
1140 1376 1196 1424 eos
1225 1390 1227 1392 >

83 1478 157 1527 esse
181 1461 359 1545 damnatos
384 1466 452 1530 tum
476 1461 578 1545 addit,
603 1481 666 1545 qua
688 1481 794 1545 poena
817 1461 926 1529 affecti
949 1462 1030 1544 sint3
1054 1464 1139 1546 quod
1161 1468 1198 1529 ut

82 1572 171 1633 recte
195 1571 313 1652 monet,
337 1568 386 1635 ite
407 1588 449 1636 ue
473 1568 521 1636 sic
545 1568 672 1651 quidem
688 1569 849 1654 ostendet,
873 1569 1059 1637 necessario
1075 1569 1199 1652 requiri

82 1694 194 1743 vocem
207 1674 381 1758 ‚damnabit
406 1675 491 1760 Quid
502 1681 612 1742 autem
622 1676 708 1744 idem
720 1676 878 1744 iudicabit
890 1676 930 1743 de
942 1676 1066 1746 verbis:
1080 1676 1198 1760 gravia

82 1788 181 1865 atque
203 1782 442 1850 intoleranda‘?
465 1765 605 1867 augetur
629 1803 709 1851 sane
733 1785 872 1864 alterum
895 1784 1031 1851 alterius
1054 1784 1195 1868 notione,

81 1890 141 1958 sed
162 1890 211 1957 ita
233 1894 381 1976 augetur,
406 1895 444 1957 ut
458 1891 549 1974 prins
565 1910 669 1974 paene
686 1897 874 1960 evanescat.
909 1892 1013 1958 Porro
1030 1891 1197 1975 ,proelium

80 1987 216 2081 varium,
241 2017 371 2083 anceps,
396 2001 501 2066 atrox‘
524 1998 618 2065 modo
641 1998 692 2066 his
714 1999 808 2067 modo
830 1998 896 2066 illis
912 1997 1077 2065 exitiabile
1093 1997 1196 2066 fuisse

81 2123 122 2171 ex
144 2105 249 2172 tribus
272 2104 444 2173 adiectivis
468 2106 550 2172 satis
567 2126 728 2190 superque
749 2107 868 2188 elucet;
890 2104 1051 2172 hominem
1064 2105 1197 2189 proprio

79 2214 169 2278 metu
184 2211 334 2279 affectum
346 2213 386 2279 de
399 2232 459 2279 sua
471 2215 578 2281 salute
591 2214 722 2282 anxium
737 2233 812 2281 esse
828 2212 927 2280 etiam
942 2213 1029 2279 nullo
1045 2219 1195 2280 monente

79 2321 165 2386 ultro
190 2321 385 2404 cogitamus
413 2341 518 2404 neque
540 2321 646 2406 video,
672 2327 827 2405 quantum
851 2303 1032 2404 explicetur
1054 2321 1108 2389 vel
1131 2340 1196 2387 am·
1246 2309 1249 2314 ’

79 2427 240 2510 plificetur
263 2428 368 2513 ‚veria
389 2429 594 2511 pereuntium
621 2428 735 2496 forma‘
771 2428 995 2511 sequentibus:
1031 2433 1076 2512 ,et
1110 2428 1196 2495 omni

78 2534 220 2618 imagine
242 2536 412 2620 mortium,
443 2541 640 2619 quantumve
672 2542 834 2620 augeatur
861 2535 1087 2603 sententioso
1111 2535 1195 2618 quod

80 2641 318 2726 coniunguntur
333 2643 386 2710 ΙΠ
401 2640 444 2709 76
468 2644 592 2728 ‚egredi
611 2644 749 2710 moenia‘
771 2650 805 2711 et
821 2642 1009 2728 ‚periculum
1028 2642 1063 2709 in
1078 2645 1193 2725 aperto

79 2749 222 2816 audere}
267 2750 417 2834 Denique
452 2752 503 2818 cui
536 2755 620 2819 bono
647 2751 780 2818 Italiam
806 2771 866 2835 per
899 2770 990 2817 mare
1024 2754 1058 2816 et
1090 2767 1194 2818 naves

78 2876 265 2940 possessam
281 2878 355 2926 esse
371 2857 511 2942 scriptor
527 2858 616 2943 dicit,
640 2878 711 2925 cum
725 2877 787 2925 nec
801 2878 892 2925 mare
906 2858 1014 2942 ipsum
1028 2876 1089 2924 uec
1105 2855 1194 2939 quid-

79 2983 173 3046 quam
195 2984 254 3048 per
277 2984 373 3032 mare
389 2965 453 3033 nisi
468 2967 607 3035 navibus
628 2964 734 3033 teneri
750 2985 848 3049 posse
871 2967 906 3032 in
927 2965 1098 3049 propaluto
1123 2962 1195 3031 sit?

78 3071 163 3156 Quid
186 3072 351 3157 spectatis,
376 3093 448 3140 cum
463 3073 538 3140 Tito
564 3073 604 3139 de
623 3073 836 3157 nauigatione
856 3071 1038 3141 consulenti
1060 3090 1193 3155 respon-

78 3198 149 3246 sum
171 3199 246 3247 esse
269 3181 430 3247 traderet:
460 3180 571 3265 ‚pandi
593 3180 680 3250 viam
704 3184 738 3247 et
759 3200 850 3248 mare
872 3198 1063 3264 prosperum
1086 3174 1193 3245 esse‘?

77 3286 128 3353 Ab
153 3288 355 3355 oraculorum
377 3288 690 3371 ambagibusvalde
714 3289 869 3355 abhorret
895 3289 977 3354 haec
1000 3284 1098 3352 niuniu
1120 3301 1192 3366 per-

77 3393 244 3476 spicuitas.
252 3394 279 3482 ¹)
324 3393 480 3461 Profecto
503 3399 611 3462 autem
633 3396 715 3462 haec
750 3414 875 3478 quoque
909 3397 986 3462 sunt
1018 3411 1059 3458 ex
1092 3409 1190 3475 more,

149 3536 173 3608 ¹)
197 3539 290 3607 Etiam
326 3539 410 3594 alium
445 3539 532 3595 locum
562 3539 615 3594 hue
645 3539 748 3595 referre
777 3540 807 3595 in
838 3539 926 3594 animo
956 3536 1051 3591 habui:
1082 3535 1112 3590 H
1142 3533 1192 3590 50:

76 3628 238 3691 (memorant
268 3630 356 3694 avem)
390 3630 453 3682 inde
487 3645 542 3682 non
571 3636 645 3682 coetu
674 3630 812 3683 bominum
842 3635 890 3682 ard
920 3626 1193 3686 circumvolitantium

76 3719 167 3771 coium
184 3721 309 3772 territum
322 3721 472 3788 pulsamur,
499 3718 563 3786 quio
580 3717 686 3774 veritus
713 3734 781 3785 sum,
808 3733 843 3772 ne
860 3718 966 3772 frustra
983 3715 1138 3783 desudaret,
1169 3714 1193 3768 si

76 3809 136 3877 quis
163 3807 331 3863 intercedere
359 3808 502 3863 discrimen
524 3808 598 3862 inter
614 3807 664 3862 illa
681 3807 768 3863 verba
785 3807 927 3862 ostendere
945 3805 1104 3875 susciperet.
1140 3803 1192 3858 Sed

75 3912 136 3951 cum
152 3894 240 3951 locum
258 3896 358 3952 iterum
381 3901 583 3964 retractassem,
612 3896 749 3952 dubitatio
771 3896 838 3951 mihi
864 3900 926 3951 orta
951 3900 1002 3962 eet,
1031 3911 1067 3950 un
1094 3891 1192 3948 terreri

75 3984 220 4050 hominum,
247 3986 314 4054 pelli
332 3985 429 4040 alitum
447 3991 527 4042 coetu
546 3986 606 4041 evis
624 3986 673 4041 illa
697 3986 841 4053 diceretur,
869 3990 952 4055 atque
977 3983 1121 4040 amovendi
1139 3979 1190 4047 uis,

75 4087 144 4138 quae
162 4072 272 4140 utrique
290 4074 383 4129 subest
401 4075 492 4142 verbo,
511 4074 553 4130 ita
565 4075 729 4144 venaretur,
749 4080 782 4131 ut
799 4090 887 4144 pauor
905 4091 936 4132 ac
954 4073 1081 4130 terroris
1094 4069 1190 4141 priore,

74 4156 193 4227 impetus
211 4177 243 4214 ac
261 4162 305 4218 vis
323 4160 352 4216 in
370 4164 518 4230 posteriore
537 4164 598 4233 plus
616 4165 731 4222 ualeret.
1048 4162 1049 4165 ’
