2942 4625
785 286 825 349 19

239 466 346 532 finitio
370 466 436 529 sive
461 465 630 550 superflua,
666 486 717 529 eos
746 486 871 548 quoque
899 466 983 530 locos
1007 465 1160 543 conferre,
1189 465 1245 530 ubi
1267 466 1364 550 plena

238 574 410 640 enunciata
444 578 501 640 aut
534 574 671 660 singulis
700 572 833 638 'vocibus
862 578 919 638 aut
947 573 1023 657 ipsis
1046 575 1225 640 enunciatis
1249 577 1364 641 adnec-

238 685 365 747 tuntur.

328 787 425 855 (luins
449 792 574 875 generis
598 812 615 853 e
638 788 796 876 dialogo
820 788 936 853 effero:

332 916 446 993 talu:
470 918 679 998 interropabo,
696 939 772 1000 quos
787 918 900 979 vocetis
916 918 1066 998 antiquos,
1091 936 1184 998 quam
1204 924 1364 980 oratorum

239 1033 370 1088 aetatem
386 1026 606 1107 sipiiificatione
621 1028 681 1087 ista
705 1024 918 1085 determinetis.
944 1022 997 1100 38,
1013 1022 1045 1088 4.
1068 1045 1155 1088 nemo
1177 1026 1262 1087 intra
1274 1045 1362 1107 pau-

241 1135 379 1195 cissimas
394 1135 488 1195 boras
503 1154 653 1214 perorare
670 1131 837 1212 copebatur
853 1137 882 1191 et
897 1129 1013 1194 liberae
1029 1132 1365 1212 comperendinationes

243 1250 330 1304 erunt
352 1250 380 1303 et
404 1242 525 1304 ruoilum
549 1241 669 1303 dicendi
691 1240 750 1302 sibi
773 1240 899 1320 quisque
921 1240 1069 1304 sumebat.
1093 1238 1152 1317 40,
1177 1238 1231 1305 22.
1255 1248 1362 1304 nostru

245 1351 359 1424 civitas,
384 1350 481 1412 dormo
504 1351 637 1425 erravit,
667 1349 763 1413 donec
791 1366 824 1408 se
851 1346 993 1425 portibus
1022 1354 1050 1406 et
1073 1346 1311 1414 dissensionibus
1334 1357 1363 1412 et

241 1456 402 1519 discordiis
426 1458 566 1535 confecit.

332 1563 378 1627 Ac
400 1585 441 1626 ne
463 1562 548 1627 forte
576 1560 695 1637 credar,
729 1562 860 1624 tantum
894 1558 981 1623 intra
1014 1559 1191 1627 iuventutis
1224 1566 1364 1647 epatium

241 1668 390 1734 Tacitum
412 1670 456 1734 sic
479 1669 714 1744 assumentum,
739 1668 797 1731 hos
813 1665 910 1730 velim
925 1665 1080 1730 intuearis
1096 1664 1366 1737 Historiarum

241 1781 282 1841 et
304 1776 519 1843 Annalium
542 1776 643 1841 locos:

332 1902 373 1970 H.
399 1902 415 1966 Ι
439 1902 491 1968 62.
515 1905 625 1966 laetum
649 1904 812 1983 vupurium
835 1903 985 1964 exercitui
1008 1950 1016 1966 .
1042 1948 1050 1965 .
1074 1904 1206 1984 uqiiila.
1231 1952 1239 1968 .
1262 1926 1364 1988 prae-

238 2014 355 2076 volavit
379 2061 386 2075 .
413 2062 433 2090 .,
469 2021 501 2074 ut
530 2013 615 2074 baua
650 2008 773 2072 arabium
804 2028 936 2089 mappae
960 2017 988 2071 et
1012 2029 1185 2090 prosperae
1207 2015 1254 2075 rei
1277 2034 1365 2079 omen

241 2120 443 2199 acciperetur.
469 2116 485 2180 1
510 2116 561 2183 80.
583 2138 684 2200 parvo
707 2119 803 2196 initio,
827 2118 908 2179 unde
931 2117 1005 2179 nibil
1027 2118 1200 2196 timebatur,
1225 2128 1296 2184 orto
1310 2142 1365 2186 se-

242 2222 356 2290 ditioI
387 2225 439 2291 83.
476 2225 605 2290 diversis
638 2227 766 2288 militum
801 2226 925 2301 animis,
964 2245 1032 2287 curu
1066 2229 1200 2308 optimus
1238 2232 1365 2315 quisque

241 2337 406 2399 remedium
440 2338 580 2398 licentiae
612 2343 763 2415 posceret,
791 2335 898 2414 colpus
931 2341 960 2394 el
994 2335 1099 2414 plures
1128 2384 1136 2398 .
1167 2386 1175 2401 .
1204 2339 1247 2400 ad
1280 2341 1367 2403 civile

241 2445 349 2507 bellum
371 2446 606 2525 impellerentur.
645 2439 686 2508 H.
710 2438 798 2505 113.
824 2449 922 2503 artem
949 2442 1148 2524 haruspicum
1177 2447 1310 2509 accitam
1336 2456 1367 2510 et

245 2551 358 2614 Cilicem
383 2552 538 2613 Tamiram
560 2552 706 2614 intulisse.
730 2547 772 2614 H.
795 2544 884 2613 114.
914 2550 998 2611 loeta
1021 2558 1050 2613 et
1073 2555 1275 2634 conpruentio
1291 2565 1366 2628 eata

240 2667 271 2724 et
293 2661 413 2740 mupuis
436 2659 581 2721 consultis
604 2659 742 2721 adnuere
758 2658 847 2719 deam
864 2658 955 2719 videt.
980 2656 1032 2722 22.
1051 2678 1118 2721 cum
1135 2670 1261 2740 cuperet
1275 2671 1364 2726 stra-

240 2788 308 2850 pem
345 2767 510 2848 trepidatio
533 2785 628 2847 eoque
658 2768 762 2828 acrius
798 2786 815 2827 e
849 2767 1003 2829 moenibus
1026 2768 1270 2833 vulnerarentur.
1310 2768 1365 2837 25.

241 2884 401 2939 cunctator
423 2881 538 2938 natura
562 2881 591 2936 et
614 2878 663 2936 cui
679 2883 772 2936 cauta
787 2875 889 2954 potius
906 2875 1035 2936 consilia
1055 2895 1123 2936 cum
1138 2878 1258 2940 ratione
1272 2898 1365 2961 quam

240 3001 395 3065 prospera
422 3004 462 3044 en
487 3001 562 3044 casn
577 2981 745 3062 placerent.
762 2976 815 3041 38.
829 2981 958 3043 subacto
970 2981 1044 3043 orbe
1057 2990 1086 3044 et
1098 2985 1225 3047 aemulis
1239 2987 1365 3050 urbibus

240 3093 422 3174 repibusque
438 3091 556 3152 excisis.
596 3083 646 3149 III
663 3084 693 3148 2.
718 3087 837 3149 iuvabit
859 3091 946 3169 sequi
962 3097 990 3149 et
1005 3091 1139 3170 vestipiis
1153 3093 1302 3156 vincentis
1316 3095 1365 3157 in·

240 3202 358 3262 sistere.
384 3198 414 3263 l.
434 3198 561 3277 culpata
580 3197 721 3271 victoria,
738 3203 809 3276 post
825 3198 980 3276 principia
994 3196 1063 3258 belli
1080 3200 1247 3263 scortulum
1259 3203 1364 3265 Flavi-

242 3328 318 3370 anos
334 3308 410 3370 dato
423 3313 465 3381 ¹).
501 3303 548 3366 10.
566 3305 618 3366 ubi
634 3304 814 3367 crudescere
829 3305 937 3366 seditio
954 3312 981 3366 et
998 3325 1019 3366 a
1033 3308 1226 3370 conviciisac
1239 3311 1364 3391 probris

242 3414 285 3477 aul
306 3417 367 3477 tela
390 3422 420 3476 et
442 3433 552 3475 manus
574 3412 756 3476 transibant.
804 3410 857 3474 42.
881 3413 962 3491 fidus
989 3413 1115 3491 Vitellio,
1139 3417 1225 3479 ouius
1246 3435 1362 3480 sacra-

240 3530 371 3584 mentum
395 3522 512 3583 cunctis
534 3520 619 3581 circo
641 3519 798 3582 hostilibus
821 3520 955 3582 nondum
978 3530 1117 3584 exuerat.

331 3642 370 3710 A.
387 3641 434 3707 IV
450 3643 504 3708 46.
527 3647 596 3724 pati
622 3644 749 3706 dilectus
772 3652 801 3706 et
823 3645 1042 3707 validissimum
1065 3667 1213 3729 quemque
1235 3651 1363 3714 miiitiae

240 3761 364 3817 nostrae
392 3753 470 3815 dore
497 3760 713 3835 aspernantur.
746 3749 785 3817 A.
811 3748 841 3812 V
865 3750 896 3817 9.
925 3763 1105 3816 itanetcenle
1131 3754 1229 3834 plebis
1248 3759 1299 3819 ira
1324 3778 1364 3821 ac

243 3985 394 3998 *ιη-..ν
401 3986 456 3993 ‚⁴-

314 4140 335 4208 1)
358 4142 519 4197 Haeserunt
546 4141 588 4195 ibi
607 4140 719 4197 Ernesti
737 4141 767 4195 et
786 4139 893 4195 liitter:
913 4142 970 4206 ille,
995 4139 1072 4209 quod
1099 4140 1243 4210 vulgetur,
1261 4140 1362 4210 aperte

244 4232 433 4302 deprevatum
453 4232 621 4297 cineratus,
641 4249 704 4285 cum
730 4229 861 4285 dubitare
879 4248 935 4286 uon
954 4230 1054 4295 liceat,
1074 4229 1264 4355 quingenta:
1285 4230 1360 4299 ‚pout
