2942 4625
756 250 799 352 v

213 430 298 497 hanc
313 427 454 496 Acidalii
475 429 693 497 coniecturam
717 429 948 513 comprobavit,
972 448 1077 512 neque
1099 430 1135 496 id
1150 430 1328 516 immerito,

214 536 292 619 quia
313 535 366 602 hic
386 536 584 618 pronominis
607 555 686 603 usus
710 541 745 602 et
767 536 854 618 apud
876 535 958 603 alios
983 535 1160 619 scriptores
1184 541 1219 604 et
1240 539 1329 620 apud

214 642 365 711 Tacitum
388 642 518 724 saepius
542 642 700 723 occurrit,
728 662 771 709 an
794 642 948 709 differunt
970 644 1011 709 ab
1034 643 1186 711 hocloco
1211 644 1250 711 A.
1274 646 1329 712 ΙΠ

213 748 275 816 43:
311 750 525 837 quadruplata
553 751 644 815 milia
670 752 778 836 fuere,
814 754 925 836 quinta
948 754 1010 815 eui
1028 759 1123 835 parte
1146 752 1332 837 leqicnuriio

215 860 315 921 armis
319 856 464 941 ,·-XV
475 854 533 922 43:
557 857 732 922 destinabat
747 865 784 922 ut
799 857 1043 940 aediJiciacerta
1066 860 1129 922 aui
1146 866 1241 941 parte
1264 862 1331 923 eine

212 962 355 1029 trabibus
377 984 453 1028 saco
476 963 690 1028 solidarentur
694 988 707 1049 ;
722 1001 767 1012 —
781 962 864 1029 XIV
886 960 921 1028 6:
946 964 1029 1049 quod
1045 1012 1079 1029 ..
1103 968 1193 1029 nauis
1207 986 1329 1030 summa

80 1091 83 1096 ·
212 1074 276 1136 sni
294 1077 388 1154 parte
403 1071 499 1135 ueluti
511 1078 654 1136 terrestre
665 1071 948 1135 machinamentum
959 1071 1149 1138 concidisset.
1175 1070 1329 1138 Severius

213 1194 314 1259 agere
337 1176 367 1242 si
389 1177 546 1259 volumus,
578 1174 629 1241 his
653 1195 780 1258 quoque
801 1175 836 1242 in
858 1175 938 1242 locis
962 1175 1034 1259 ,sui‘
1058 1175 1198 1243 otiosum
1220 1176 1329 1244 dicere

215 1301 394 1365 possumne,
419 1282 495 1364 quia
519 1282 610 1349 cuius
632 1282 682 1348 rei
704 1301 783 1364 pars
810 1281 1031 1365 intellegenda
1054 1282 1099 1349 sit
1122 1302 1140 1349 e
1162 1288 1233 1351 toto
1256 1305 1330 1351 con·

216 1409 299 1456 nexu
312 1389 396 1456 satis
408 1389 496 1455 clare
508 1389 644 1473 eluceat,
658 1407 763 1471 neque
775 1394 885 1456 tamen
904 1393 1080 1471 propterea
1092 1389 1327 1475 extinguemuS,

213 1495 407 1578 praesertim
430 1514 501 1562 cum
523 1496 600 1562 telis
616 1497 751 1563 ubertas
768 1496 813 1583 (si
831 1496 925 1561 modo
946 1497 1080 1563 ubertas
1097 1502 1150 1564 est
1164 1498 1329 1585 habenda)

215 1602 445 1686 quodammodo
468 1601 554 1669 ultro
578 1621 615 1669 se
638 1601 773 1683 offerat3
805 1607 904 1684 atque
926 1621 968 1668 ne
990 1622 1050 1670 nos
1074 1603 1203 1685 quidem
1225 1606 1266 1671 ab
1289 1624 1330 1670 ea

211 1710 433 1776 abhorremus.

300 1817 447 1898 Itemque
478 1815 566 1882 inter
588 1815 809 1883 abundantiae
832 1817 980 1897 exempla
1002 1814 1129 1883 referre
1152 1816 1264 1885 dubito
1287 1820 1328 1885 Α.

212 1922 524 1991 V11:eerci..aim
545 1931 659 2008 raptus
681 1945 824 2010 suaque
847 1926 924 2008 ipsi
946 1923 1037 1988 libita
1061 1972 1069 1988 .
1094 1973 1102 1988 .
1132 1925 1329 2011 caucetum,

212 2016 425 2112 nequeenim
455 2030 552 2111 plane
584 2029 781 2111 superfluum
812 2034 865 2096 est
895 2047 1071 2113 pronomen
1098 2034 1176 2115 ipsi,
1210 2031 1329 2114 quippe

213 2137 297 2219 quod
320 2137 419 2203 etiam
441 2136 628 2203 distinctius
651 2135 823 2221 significet,
857 2155 917 2203 sua
938 2136 1041 2220 libita,
1074 2155 1139 2203 nou
1169 2136 1327 2220 principis

212 2248 340 2312 tantum
361 2245 461 2329 iussa,
486 2262 601 2312 servos
625 2261 699 2310 esse
715 2248 897 2328 exsecutos,
927 2242 992 2310 etsi
1007 2262 1044 2310 eo
1060 2244 1199 2312 absente
1213 2264 1329 2313 manca

212 2370 276 2417 non
300 2352 458 2420 evaderet
481 2350 655 2418 sententia.

299 2459 471 2542 Perpauca
503 2458 605 2542 igitur
639 2478 679 2526 ao
712 2477 817 2542 paene
847 2458 937 2524 nulla
966 2456 1148 2526 invenimus
1180 2461 1329 2542 exempla

212 2565 433 2647 pronominum
455 2565 659 2633 abundanter
681 2565 879 2648 positorun3
911 2564 1005 2646 plura
1027 2564 1121 2631 nobis
1145 2572 1326 2650 occurrent,

211 2671 267 2739 ubi
289 2671 333 2738 ad
355 2674 482 2740 verba
506 2674 751 2741 accesserimus.
796 2671 863 2740 Ubi
884 2671 944 2738 hos
967 2671 1105 2754 primum
1134 2671 1223 2739 locos
1255 2692 1327 2755 per-

211 2781 403 2847 lustremus:
427 2778 556 2846 H.14:
572 2781 654 2865 finis
670 2781 809 2846 Nunnio
829 2788 865 2845 ut
884 2781 985 2845 metus
994 2782 1101 2864 primo
1121 2780 1327 2866 pendentium

212 2890 329 2972 impetu
336 2888 461 2974 fuerat.
470 2887 538 2952 -I
549 2883 609 2953 33:
626 2891 822 2952 cunctatione
837 2895 867 2952 et
880 2890 1016 2972 sepnitia
1031 2889 1198 2951 terentium
1207 2894 1328 2971 tempus

211 2997 333 3060 imitari
347 2996 527 3079 principem
547 2994 657 3060 discut.
685 3030 730 3041 -
751 2992 787 3058 Π
810 2989 866 3058 35:
890 3014 960 3058 cum
979 2995 1080 3057 uariis
1099 2993 1327 3077 trepidantium

211 3102 468 3167 inclinationibus
499 3104 592 3167 minti
625 3104 758 3187 annique
776 3108 1088 3187 propupnatcreepue
1112 3099 1325 3165 turbarentur.

211 3247 255 3259 -κ
276 3208 326 3275 IV
348 3206 409 3274 34:
432 3213 606 3274 eustatium
627 3209 840 3294 incntdiisque
852 3209 1067 3294 flaccentium
1092 3207 1251 3272 edurum.
1282 3246 1326 3254 —

210 3315 258 3383 IV
281 3313 342 3382 62:
365 3337 430 3381 non
451 3317 525 3381 tulit
538 3318 593 3380 ala
608 3316 778 3382 Picentium
793 3315 948 3402 pendium
962 3316 1145 3380 insultantis
1159 3316 1255 3401 mdqi.
1282 3353 1326 3361 —

210 3422 250 3489 A.
274 3423 309 3490 Π
332 3420 392 3489 61;
411 3424 582 3510 profuueda
596 3424 731 3490 altitudo
746 3423 845 3488 nubis
859 3426 1087 3508 inquirentium
1108 3425 1221 3507 spatiis
1230 3442 1325 3506 pene-

212 3530 344 3597 trabilis.
368 3567 414 3579 -
435 3530 476 3596 A.
499 3530 547 3596 VI
570 3528 631 3596 43:
655 3550 805 3615 oppressa
820 3533 1034 3595 cunctantium
1048 3530 1213 3595 dubitatio.

298 3638 408 3720 Atque
430 3636 481 3704 his
505 3637 633 3719 quidem
654 3636 689 3703 in
710 3636 792 3703 locis
808 3656 848 3702 ea
862 3636 951 3703 inest
964 3635 1119 3719 luxuries,
1144 3635 1228 3718 qnod
1251 3636 1325 3701 sub-

211 3745 349 3813 stantivi
380 3744 518 3811 nominis
545 3749 603 3810 aut
630 3743 787 3812 adiectivi
812 3743 902 3810 notio
935 3741 1108 3825 participio
1139 3741 1325 3824 praesentis

209 3852 375 3936 temporis,
399 3871 441 3918 ex
454 3851 581 3919 nomine
597 3870 764 3934 suspenso,
788 3870 940 3934 magnam
953 3854 1090 3932 partem,
1107 3848 1137 3916 si
1151 3868 1216 3915 non
1238 3853 1321 3931 tota,

210 3960 380 4042 repetitur.
426 3959 711 4042 Supervacaneum
734 3957 820 4025 enim
842 3961 895 4024 est
916 3957 1009 4024 iuxta
1025 3955 1217 4039 ,incendium
1232 3954 1325 4022 villa-

209 4069 290 4133 rnm‘
313 4066 454 4150 positum
470 4065 708 4150 ,flagrentinm‘,
730 4064 876 4131 abundat
891 4063 1143 4148 ,trepidantium‘
1167 4065 1325 4143 sequente

210 4172 505 4274 ,malumminat
543 4193 608 4254 non
640 4171 819 4269 reanitor
853 4170 1095 4269 ,conteneant
1131 4167 1324 4265 cuasam
