2942 4625
753 280 798 349 57¹

207 459 386 526 lectionem
414 459 578 540 extitisse3
610 459 822 541 nequeenim
854 461 1057 526 clamantium
1084 465 1162 543 apte
1188 462 1281 544 ponit
1322 513 1329 528 .

208 567 267 632 An
291 565 461 648 quisquam
483 565 587 631 libens
604 565 789 648 crediderit,
807 564 956 632 Tacitum
972 566 1158 649 scripsisse:
1187 568 1328 649 undique

210 673 337 737 clamor
360 670 586 738 clamantium?
632 671 717 754 Quid
739 671 810 754 ipse
834 671 973 738 sentiam
987 673 1133 755 profiteri
1157 674 1185 740 si
1207 675 1330 758 iubeor,

211 778 367 860 quoniam
388 779 558 861 praecedit
577 780 659 845 haec
674 778 851 845 sententia:
876 778 1132 862 ,circumstetere
1155 780 1212 846 alii
1236 781 1332 863 signa

211 905 284 969 sua,
314 884 370 954 alii
393 887 571 969 quaerere‘,
594 884 774 967 proximum
798 890 858 968 est,
883 885 1040 969 cogitare,
1070 906 1125 952 eos
1154 886 1209 968 qui
1236 887 1332 971 signa

212 992 480 1075 circumstabant,
499 991 613 1074 socios,
631 990 660 1057 si
676 1010 770 1072 quem
782 996 996 1075 agnoverant,
1010 993 1200 1077 advocasse,
1218 998 1333 1060 contra

212 1104 343 1165 ceteros
378 1118 471 1165 suum
505 1116 661 1180 quemque
694 1097 821 1180 signum
848 1117 920 1164 cum
948 1099 1088 1165 clamore
1116 1099 1331 1181 quaesivisse.

214 1208 332 1288 Itaque
356 1210 565 1273 accurrentes
588 1203 802 1287 intellegendi
825 1208 910 1287 sunt,
936 1205 991 1286 qui
1013 1205 1154 1287 undique
1178 1226 1218 1273 ex
1241 1207 1331 1290 agris

217 1332 311 1378 sunm
334 1311 470 1394 quisque
487 1312 614 1395 signum
631 1314 826 1392 quaerentes
841 1306 875 1377 in
891 1331 963 1377 eam
982 1317 1141 1395 proruunt
1156 1314 1330 1397 regionem,

217 1418 271 1485 ubi
292 1419 389 1503 signa
412 1419 571 1485 collocata
593 1417 806 1501 conspiciunt,
840 1438 879 1484 ac
901 1423 1017 1502 restat,
1042 1423 1079 1485 ut
1103 1420 1207 1487 altero
1232 1420 1332 1503 parti·

217 1525 299 1607 cipio
324 1545 379 1593 eos
403 1530 552 1608 putemus
567 1523 765 1607 significari,
790 1525 845 1607 qui
861 1524 980 1591 circum
1001 1525 1128 1609 signum
1144 1545 1237 1594 suum
1260 1547 1333 1594 con-

216 1632 352 1716 gregati
382 1632 503 1699 milites
522 1629 670 1697 'clamore
693 1632 908 1713 advocabant,
934 1631 1005 1699 sive
1027 1632 1172 1714 ipsorum
1193 1633 1333 1717 legionis

214 1759 381 1806 numerum
397 1744 455 1805 aut
467 1757 643 1821 cognomen
654 1738 893 1820 proclamantes
906 1737 977 1806 sive
990 1739 1221 1807 commilitones
1233 1741 1333 1807 nomi-

215 1845 320 1912 natim
334 1845 549 1929 appellantes.
567 1844 640 1910 Sed
650 1848 801 1910 neutrum
815 1862 865 1909 me
881 1843 987 1911 iudice
1007 1865 1088 1913 voce
1104 1847 1332 1930 ,clamantinm‘

214 1958 294 2035 apte
314 1952 514 2035 exprimitur,
535 1970 640 2033 neque
660 1951 695 2016 in
714 1951 775 2017 hoo
795 1952 896 2018 verbo
916 1952 1123 2033 acquiescere
1148 1953 1235 2036 licet,
1258 1954 1334 2035 quia

216 2059 473 2143 suprascriptum
482 2082 518 2124 oo
530 2057 608 2146 (nisi
617 2057 704 2124 forte
716 2059 765 2123 cta
773 2077 877 2140 prave
889 2058 1063 2140 repetitum
1073 2079 1147 2126 esse
1159 2060 1332 2147 ponimus),

215 2166 281 2231 etsi
306 2186 365 2249 per
393 2186 431 2233 se
455 2164 537 2231 nihil
558 2171 618 2249 est,
646 2169 757 2231 tamen
776 2164 810 2230 in
834 2169 928 2230 textu
948 2165 1175 2233 constituendo
1195 2186 1260 2233 non
1282 2174 1335 2234 est

214 2272 550 2356 praetermittendum.
597 2272 701 2356 Quam
727 2273 768 2338 ob
795 2290 863 2339 rem
893 2271 1004 2339 nescio
1031 2292 1074 2339 an
1100 2273 1223 2341 Heraei
1251 2293 1333 2342 oom-

216 2385 359 2446 mentum
395 2368 656 2446 conclamantium
696 2378 739 2457 ad
776 2397 890 2445 verum
915 2379 1049 2461 propius
1075 2381 1211 2448 accedat
1238 2401 1334 2464 quam

216 2505 299 2568 qnae
311 2486 427 2569 reliqui
439 2487 581 2554 editores
593 2490 843 2570 proposuerunt,
860 2504 994 2567 quorum
1006 2487 1211 2555 coniecturae
1227 2489 1335 2556 altera

215 2594 322 2678 magis
338 2595 517 2661 alternant
534 2614 555 2660 a
569 2594 748 2678 literarum,
766 2592 894 2675 quaein
915 2592 1025 2660 codice
1041 2600 1165 2679 extant,
1183 2595 1334 2663 ductibus

216 2706 275 2768 aut
299 2702 340 2767 ab
366 2720 414 2784 ea,
433 2721 528 2784 quam
543 2700 725 2781 desiderari
746 2698 883 2783 ostendi,
902 2701 1067 2768 sententia
1086 2702 1253 2769 recedunt.
1284 2702 1334 2768 Ac

216 2826 350 2890 prorsus
375 2809 553 2875 abhorrere
577 2812 710 2874 arceto
735 2807 770 2872 id
795 2806 880 2889 quod
898 2807 1070 2875 Bekkerus
1096 2808 1230 2891 scripsit
1253 2813 1334 2874 nori·

216 2917 371 3001 tantiam,
403 2913 588 2981 Wdlfflinus
612 2914 647 2979 in
678 2913 851 2996 philologo,
878 2919 954 2979 tom.
980 2911 1022 2979 26
1039 2934 1069 2996 p.
1085 2913 1149 2982 115
1165 2916 1334 2982 enucleate

217 3021 370 3105 ostendit,
396 3020 451 3088 ubi
474 3022 591 3104 monet,
619 3018 768 3086 Tacitum
798 3018 1051 3102 frequentatiris
1076 3041 1159 3103 quae
1183 3021 1334 3089 dicantur

216 3128 327 3195 verbis
356 3148 452 3195 unam
482 3147 616 3210 eamque
638 3127 827 3210 plerumque
849 3126 1037 3208 primariam
1061 3129 1155 3195 verbi
1178 3128 1333 3211 simplicis

217 3235 361 3302 tribuere
387 3233 665 3318 significationem.
712 3233 767 3301 Sic
796 3233 963 3305 vocitandi
987 3238 1088 3303 verbo
1121 3257 1192 3304 cum
1221 3242 1335 3303 utatur

217 3342 352 3410 Tacitus
376 3343 418 3408 H.
443 3343 461 3409 I
485 3339 527 3409 13
552 3342 583 3408 V
607 3340 628 3407 2
650 3362 710 3424 pro
735 3343 902 3425 appellare
922 3344 976 3409 vel
991 3342 1166 3428 nominare,
1187 3345 1248 3411 hoc
1263 3344 1334 3413 loco

217 3451 356 3517 vocandi
381 3448 650 3534 significationem
674 3449 705 3516 ei
728 3449 868 3516 subdere
892 3466 957 3515 non
979 3449 1066 3517 licet.

305 3558 414 3641 Atque
428 3559 510 3625 haee
526 3556 653 3640 quidem
668 3556 709 3623 de
724 3556 955 3639 praesentis
971 3557 1127 3639 temporis
1151 3558 1333 3641 participiis

218 3661 1336 3748 dicendaerant3nuncagamusdeperfectis:H.H3l:onaornrnnn

213 3775 315 3861 sanas
329 3795 393 3854 non
408 3777 524 3838 calenti
539 3772 730 3858 fluitabant,
759 3771 811 3836 hic
838 3770 1045 3853 participium
1074 3791 1206 3838 oausam
1229 3771 1334 3854 affert,

218 3881 277 3947 sed
305 3880 354 3947 ita
384 3880 596 3963 perspicuam,
628 3882 665 3945 ut
696 3897 767 3943 eam
795 3877 918 3943 diserte
944 3877 1110 3943 nominare
1140 3898 1204 3944 non
1234 3879 1335 3945 fuerit

217 4006 362 4055 necesse.
386 4024 429 4034 —
449 3987 490 4052 H.
516 3987 569 4052 ΙΠ
593 3983 649 4052 84:
675 3986 810 4051 cecidere
835 4006 938 4050 omnes
962 3988 1131 4050 contrariis
1155 3987 1334 4052 canoribus

218 4099 300 4161 nerei
325 4098 360 4159 in
382 4094 507 4178 hasten,
534 4114 595 4175 quo
620 4094 655 4160 in
678 4092 851 4175 participio
876 4111 941 4158 non
963 4091 1066 4158 minor
1085 4092 1173 4158 inest
1188 4094 1332 4176 ubertas,

219 4222 314 4288 quam
328 4201 363 4270 in
379 4200 555 4287 superiore,
573 4201 649 4286 quia
665 4200 694 4267 si
710 4200 765 4285 qui
780 4199 968 4273 vulneribus
983 4204 1160 4269 narrantur
1175 4199 1333 4267 cecidisse
