2942 4625
701 292 743 355 29

155 471 356 536 varietatem
380 471 469 536 illam
499 494 563 535 000
586 472 681 535 verbo
711 470 906 555 significavit
932 493 990 535 uec
1013 472 1159 555 pluribus
1183 474 1285 556 expli-

153 580 271 645 cavit?

254 684 315 751 sed
339 686 402 753 ium
427 689 650 752 convertamus
673 687 815 750 animum
845 686 885 750 ad
909 708 962 752 eos
984 688 1078 760 locos,
1103 687 1157 751 ubi
1181 690 1286 752 nescio

157 818 201 859 au
240 794 323 857 nihil
359 796 536 859 intercedat
571 793 778 858 discriminis.
795 796 882 859 inber
906 815 996 859 voces
1025 794 1151 857 similes,
1204 793 1286 868 Quid

162 903 250 966 enim
273 902 421 977 interest,
454 900 481 963 si
503 923 568 966 nou
594 903 691 966 verba
714 901 857 984 singula,
888 902 941 966 sed
968 901 1159 964 senientiam
1183 903 1287 965 101001

164 1009 370 1094 respicimus,
395 1010 498 1073 iuter:
530 1008 560 1086 7,
585 1009 605 1073 9
629 1011 707 1072 tueri
734 1011 768 1070 ei
793 1010 956 1089 defendere
987 1007 1040 1090 (cf.
1066 1006 1103 1071 G.
1130 1008 1171 1071 14
1192 1012 1285 1089 prin-

160 1122 262 1199 cipem
287 1121 374 1196 tueri,
399 1120 563 1198 defendere
586 1118 787 1199 praecipuum
809 1127 1046 1181 sacramentum.
1091 1114 1154 1180 Cic.
1179 1115 1217 1177 de
1239 1137 1286 1181 or.

160 1224 189 1300 I,
215 1224 269 1301 38,
298 1226 358 1288 172
388 1229 482 1288 armis
511 1226 694 1307 prudentiae
724 1245 838 1289 causas
876 1228 956 1288 tueri
988 1234 1080 1305 atque
1113 1225 1287 1304 defendere.

163 1331 259 1397 caes.
286 1331 322 1396 B.
355 1329 387 1399 O.
418 1331 468 1396 HI
492 1333 551 1397 94:
586 1334 709 1395 tuemini
739 1340 845 1395 costra
874 1343 965 1415 atque
995 1329 1176 1415 defendite),
1211 1331 1287 1414 quid

165 1441 253 1503 111101
285 1440 315 1515 8,
349 1439 405 1505 15:
447 1449 661 1522 paupertatem
695 1442 729 1502 01
767 1446 928 1521 aupuetias
966 1443 1091 1503 rerum?
1131 1438 1287 1520 quomodo

163 1547 335 1613 differunt:
360 1548 457 1625 fania,
482 1549 562 1626 leus,
586 1545 690 1630 gloria
716 1547 745 1624 7,
773 1547 829 1610 13:
853 1553 941 1630 fama
965 1557 994 1611 ct
1017 1550 1086 1611 taus
1101 1550 1187 1610 caius
1211 1551 1288 1611 artis

164 1677 235 1718 cum
271 1666 429 1719 oratorum
462 1658 563 1737 pluria
598 1659 777 1735 comparari
811 1660 933 1736 potest?
967 1654 1022 1731 (cf.
1060 1655 1112 1733 18,
1144 1653 1165 1716 2
1199 1658 1288 1735 fame
1337 1638 1339 1642 ’

164 1767 328 1845 ptoriaque
350 1763 403 1840 26,
431 1764 487 1838 123
511 1763 564 1841 41,
588 1760 642 1828 27.
690 1760 730 1827 Η.
756 1761 814 1842 IV,
841 1763 881 1825 14
905 1766 973 1826 laus
996 1773 1025 1826 et
1047 1761 1171 1846 picria).

258 1869 358 1935 Porro
382 1871 413 1948 9,
437 1871 497 1934 211
532 1875 564 1934 in
586 1891 712 1934 nemora
735 1881 764 1934 ct
788 1874 887 1948 tucos,
910 1874 943 1933 id
966 1880 1010 1935 est
1032 1874 1064 1933 in
1086 1872 1288 1947 solitudinem,

163 1979 367 2043 secedendum
400 1988 460 2041 est:
496 1999 600 2042 noune
636 1977 689 2042 hic
723 1980 860 2062 scriptor
893 1977 960 2061 ipse
995 1977 1148 2041 extremis
1183 1978 1288 2042 verbis

165 2087 319 2150 distincte
334 2085 484 2163 ostendit,
507 2086 630 2170 priores
647 2106 738 2149 voces
758 2086 906 2171 neglecte
929 2105 1037 2149 earum
1061 2085 1219 2150 varietate
1242 2085 1289 2149 iia

165 2215 237 2259 esse
251 2192 498 2278 intellegendas,
522 2197 560 2257 01
583 2192 803 2277 significarent
827 2192 896 2257 loen
920 2192 1088 2256 arboribus
1111 2193 1209 2257 densa
1232 2213 1289 2256 nec

160 2300 349 2365 hominibus
377 2298 606 2381 frequentatae
651 2297 763 2384 Neque
792 2299 837 2366 ibi
866 2301 969 2366 solum
1000 2299 1080 2365 haee
1109 2323 1288 2384 synonyme

163 2407 382 2492 reperiuntur,
406 2405 502 2469 etiam
531 2407 581 2485 12,
610 2410 624 2472 1
652 2411 758 2472 extat:
793 2430 920 2473 nemora
949 2418 977 2471 et
1001 2410 1061 2471 luci
1087 2418 1116 2472 et
1137 2418 1289 2473 secretum

162 2521 274 2599 ipsum.
303 2512 341 2579 G·
366 2514 386 2576 9
410 2516 494 2577 tucos
517 2535 556 2579 ac
578 2537 704 2580 nemora
728 2524 917 2581 consecrant.
952 2514 991 2581 G.
1010 2515 1052 2579 10
1075 2521 1145 2599 equi
1166 2518 1288 2599 publice

166 2628 291 2688 utuntur
313 2624 409 2686 isdem
431 2625 604 2688 nemoribus
627 2646 666 2688 cc
689 2626 776 2689 lucis.
824 2622 861 2688 G.
886 2624 930 2689 45
953 2627 1137 2705 fecundiora
1163 2645 1291 2689 nemora

167 2735 309 2813 lucosque
345 2778 352 2793 .
390 2778 397 2791 .
434 2732 598 2795 occidentis
634 2735 741 2796 insulis
779 2735 931 2816 terrisque
964 2737 1062 2797 inesse
1096 2732 1289 2796 crediderim.

170 2837 324 2921 (Reliquis
348 2837 380 2899 iu
398 2836 488 2911 libris
504 2837 582 2902 haec
599 2841 694 2903 verba
712 2861 776 2904 non
793 2842 857 2904 iem
873 2835 1138 2924 coniunguntur.)
1178 2834 1291 2921 Neque

171 2967 241 3011 vero
264 2944 387 3028 ignoro,
411 2965 467 3027 per
490 2966 522 3009 se
539 2968 602 3010 non
618 2945 701 3010 idem
717 2945 900 3031 significare
916 2946 974 3011 hes
990 2969 1091 3022 voees,
1114 2943 1168 3008 sed
1183 2945 1291 3007 lucum

167 3055 200 3116 01
229 3073 297 3116 0110
325 3057 450 3136 partem
482 3053 618 3116 nemoris
647 3050 706 3139 (sic
734 3051 815 3117 Ceto
848 3074 899 3135 ap,
930 3049 1027 3114 Prisc.
1058 3050 1137 3116 XIV
1166 3074 1197 3135 p.
1222 3051 1288 3116 629

166 3163 279 3238 ,lucam
297 3161 441 3223 Dianium
464 3163 632 3225 intremere
649 3163 799 3227 Aricino.
819 3209 826 3223 .
843 3161 1019 3235 dedicauit‘,
1043 3158 1088 3222 sic
1103 3157 1176 3224 Seu.
1195 3157 1291 3227 Herc.

168 3264 241 3333 001.
266 3266 296 3344 9,
322 3267 381 3331 56:
419 3269 633 3350 Orraecumqae
655 3271 738 3349 fidae
762 3271 905 3349 aoniupes
928 3270 1061 3331 nemoris
1082 3272 1167 3331 sacri
1190 3270 1291 3332 Lucos

166 3375 286 3461 tenetis)
303 3382 336 3439 01
352 3376 454 3460 magis
469 3376 631 3439 involvere
648 3375 1011 3442 1000111111111011011010
1029 3372 1231 3460 (1101113,
1250 3374 1290 3438 15

170 3485 254 3560 Quid
275 3493 404 3567 prosunt
428 3533 436 3549 .
461 3534 469 3548 .
494 3503 621 3547 nemora
649 3483 844 3548 indomitum
870 3504 979 3548 sacros
1002 3486 1153 3548 imitantia
1177 3479 1290 3567 tucos);

167 3591 223 3655 sed
251 3612 322 3654 cum
347 3613 410 3655 non
434 3592 579 3656 omuibus
603 3590 680 3655 loeis
704 3591 774 3654 roci
802 3591 915 3667 ,10001ι
939 3589 1018 3655 haec
1041 3591 1089 3654 vis
1115 3590 1291 3655 necessario

167 3698 333 3763 tribuetur
357 3696 410 3779 (cf.
433 3697 474 3762 H.
499 3696 590 3762 1112
614 3700 822 3779 ferocissimos
845 3701 1046 3761 auxiliarium
1068 3698 1291 3761 imminentibus

168 3809 240 3869 ciac
267 3808 343 3868 tricis
372 3809 505 3869 occrdtos
534 3810 695 3888 componit.
745 3803 895 3889 Calpurn.
921 3804 1001 3889 eclg.
1028 3803 1069 3882 V,
1094 3805 1151 3869 62:
1187 3826 1291 3869 ceram

168 3914 222 3976 ubi
252 3914 360 3976 declivi
389 3917 452 3976 iam
484 3936 566 3978 nona
601 3923 754 3995 tepescere
782 3917 845 3977 sote
877 3916 1005 3994 Incipiet
1027 3933 1176 3995 seraeque
1199 3914 1289 3974 cide-

169 4023 252 4084 bitur
274 4024 352 4084 bora
375 4024 553 4099 merendae,
584 4011 704 4084 liumus
734 4043 829 4104 posce
859 4043 968 4103 prepes
997 4031 1025 4084 et
1049 4041 1165 4104 opacos
1187 4022 1292 4083 desere

169 4127 277 4213 tucos),
290 4127 414 4212 saepius
430 4127 488 4192 ille
503 4128 578 4193 duo
595 4129 750 4193 vocabule
766 4127 960 4212 copulantur
980 4150 1038 4212 pro
1055 4128 1185 4192 11011000
1197 4148 1291 4191 unc:

170 4234 265 4323 Prop.
283 4232 340 4312 IV,
358 4235 388 4313 9,
405 4234 465 4310 24;
489 4233 587 4322 Verg.
603 4236 683 4322 eelg.
700 4234 782 4300 VIII
805 4236 847 4300 86
869 4258 927 4317 per
949 4258 1076 4302 nemora
1099 4244 1191 4321 atque
1214 4237 1292 4299 altas
