2942 4625
724 268 766 331 25

178 450 318 515 adnotat
349 446 565 511 Andresenus:
605 450 727 510 veteres
765 447 833 511 sind
870 445 979 523 Lente,
1015 445 1065 510 die
1100 446 1149 510 ein
1175 447 1306 525 reicbes

178 578 274 621 senes
309 555 358 618 die
392 554 444 618 ein
479 555 591 640 langes
625 552 732 618 Leben
767 554 877 618 hinter
911 553 979 618 sich
1007 554 1130 632 haben,
1161 556 1308 639 argutius

179 685 281 747 quarn
305 662 409 726 verius
432 661 571 745 positum
596 683 662 726 esse
686 661 765 725 mihi
789 661 925 739 uidetur,
949 662 1063 727 vellem
1087 664 1174 730 certe
1199 661 1308 726 allatis

180 770 337 855 exemplis
377 769 460 833 hanc
498 768 663 833 notionum
708 769 927 834 diversitatem
965 768 1133 833 firmasset.
1197 766 1309 853 Neque

183 877 339 942 maiorem
361 874 625 960 probabilitatem
649 876 792 941 tribuere
815 898 942 960 possum
962 876 1068 941 Peteri
1090 877 1229 955 invento,
1254 878 1309 960 qui

183 984 347 1049 hominem
371 987 511 1048 veterem
537 981 659 1047 homini
683 1005 774 1061 novo,
798 985 854 1067 qui
877 985 1005 1069 proprie
1029 984 1155 1062 dicitur,
1191 984 1309 1067 opponi

181 1093 308 1172 censet3
332 1090 423 1174 atqui
436 1090 502 1174 ipse
531 1091 614 1154 hanc
639 1090 723 1155 vocis
749 1096 863 1168 ,vetus‘
888 1090 1157 1176 significationem
1181 1091 1309 1156 aliunde

181 1198 342 1263 illustrari
365 1219 430 1262 non
452 1217 543 1282 posse
566 1197 700 1262 fatetur.
747 1196 849 1272 Quam
877 1220 949 1263 cum
972 1202 1118 1280 poneret,
1147 1221 1183 1264 ea
1210 1199 1310 1263 ratio·

185 1306 345 1371 cinctione
382 1304 497 1370 ductus
531 1308 590 1382 est,
629 1327 693 1387 qua
731 1305 884 1369 vocabulo
921 1310 1042 1384 ,vetus‘‚
1076 1307 1130 1371 ubi
1168 1309 1307 1371 aetatem

186 1412 356 1495 exprimat,
386 1410 473 1497 (raro
502 1416 609 1477 autem
633 1414 680 1477 ita
714 1413 871 1498 obvenit)
901 1416 1098 1477 senectutem
1129 1411 1221 1477 anuis
1244 1413 1307 1476 iam

185 1518 363 1584 confectam
397 1518 572 1603 significari
606 1520 801 1597 arbitratum
837 1520 928 1604 quasi
958 1541 1033 1584 voce
1063 1524 1189 1597 ‚seuext
1213 1541 1310 1603 quam

184 1648 253 1692 non
277 1626 375 1705 tollit,
399 1647 461 1690 non
497 1626 606 1689 eaden]
642 1625 730 1690 notio
766 1626 799 1690 in
835 1628 1029 1693 sententiam
1059 1625 1171 1692 inferri
1200 1626 1310 1711 possit.

186 1733 252 1799 Sed
276 1755 395 1812 vereor»,
429 1736 467 1797 ut
501 1732 607 1797 minus
641 1732 816 1798 difficulter
849 1735 928 1799 haec
962 1736 1050 1801 illius
1085 1735 1169 1800 vocis
1204 1734 1252 1797 vis
1274 1757 1311 1798 ex

186 1843 381 1925 scriptorum
406 1863 466 1906 usu
489 1840 725 1923 comprobanda
749 1842 793 1906 sit
814 1865 912 1927 quam
933 1844 1046 1922 altera,
1077 1864 1173 1926 quam
1203 1842 1232 1906 ei
1255 1845 1312 1906 ob·

187 1951 320 2016 trudere
342 1951 422 2015 vult.
469 1948 592 2032 Itaque,
617 1948 644 2012 si
667 1949 744 2042 quid
766 1949 920 2016 interesse
947 1952 1092 2016 volumus
1120 1950 1205 2014 inter
1234 1950 1313 2014 haec

185 2057 359 2135 vocabula,
394 2079 431 2120 ea
460 2055 646 2120 definitione
674 2057 927 2140 acquiescamus,
951 2082 1047 2144 quam
1071 2055 1311 2143 Doederlinus¹)

187 2165 339 2250 protulit,
375 2168 413 2229 ut
442 2165 534 2228 vetus
557 2163 651 2228 homo
675 2165 726 2242 sit,
757 2167 812 2248 qui
836 2166 890 2230 diu
913 2168 1005 2246 vixit,
1040 2188 1146 2246 senex,
1181 2165 1237 2248 qui
1271 2166 1312 2229 ob

187 2275 323 2358 longam
346 2276 484 2338 aetatem
509 2272 699 2338 venerabilis
723 2277 782 2340 est.

279 2382 478 2467 Quemquam
503 2379 621 2457 fateor,
650 2403 700 2444 me
729 2384 912 2465 proniorem
944 2404 1010 2447 csse
1032 2384 1065 2446 in
1090 2404 1160 2448 earn
1184 2385 1314 2447 seuten-

186 2492 281 2568 tiam,
305 2494 343 2554 ut
366 2487 513 2555 Taciturn
535 2487 586 2552 his
609 2487 731 2552 duobus
761 2491 923 2555 vocabulis
952 2492 1114 2555 notionem
1138 2491 1314 2575 exprimere

188 2601 334 2662 statuam
369 2619 475 2674 unam,
511 2617 592 2680 quae
620 2597 809 2679 respondeat
838 2597 993 2682 superiori
1021 2597 1064 2683 (v.
1090 2597 1153 2686 9.):
1191 2600 1241 2678 ‚ad
1264 2599 1314 2663 iu-

189 2709 329 2782 venem‘3
364 2705 447 2770 sicut
481 2703 566 2766 euim
600 2702 774 2786 locupletes
802 2728 839 2770 ac
867 2710 1015 2790 potentes
1037 2706 1145 2772 venire
1173 2704 1251 2768 dicit
1275 2705 1314 2769 ad

189 2818 351 2879 oratorem
383 2832 571 2897 pauperem,
606 2810 653 2874 ita
687 2811 772 2875 haud
806 2813 916 2898 inepte
950 2816 990 2880 ad
1028 2815 1173 2879 iuvenem
1211 2812 1314 2877 dicere

193 2925 302 3009 potest
325 2921 433 2985 venire
460 2939 558 2982 senes.
606 2916 714 3001 Atque
745 2939 842 3000 quarn
872 2920 1083 2985 Doederlinus
1116 2919 1186 2984 voci
1220 2941 1315 2984 senex

190 3030 310 3095 tribuit
333 3027 389 3107 vis,
425 3048 496 3092 cum
529 3025 657 3105 disertis
688 3025 794 3090 verbis
821 3028 855 3092 in
883 3028 1102 3111 sequentibus:
1138 3031 1181 3106 ‚et
1215 3027 1316 3091 totius

191 3138 280 3204 orbis
304 3136 411 3224 gratia
435 3135 595 3199 subnixos‘
618 3133 653 3197 in
677 3134 871 3198 sententiam
899 3135 1068 3214 inferatur,
1104 3137 1207 3202 vitata
1231 3135 1316 3201 Cha·

194 3246 289 3330 rybdi
323 3246 355 3309 in
380 3241 522 3326 Scyllam
545 3240 720 3320 incidimus
756 3243 830 3323 quia
865 3245 949 3308 inter
973 3246 1116 3322 ,veteres‘
1145 3244 1178 3306 et
1207 3248 1315 3319 ‚senes‘

192 3352 396 3418 ostendentes
419 3349 587 3414 discrimen
610 3347 696 3411 inter
720 3355 832 3427 ‚senes‘
857 3352 902 3436 (h.
928 3370 955 3417 c.
979 3351 1124 3415 homines
1153 3351 1316 3413 senectute

192 3458 405 3543 venerandos)
430 3460 462 3520 et
487 3454 604 3542 ‚gratia
627 3456 790 3543 subnixos‘
815 3460 1011 3523 sustulimus

284 3567 353 3643 Qua
389 3566 466 3630 duta
500 3561 661 3629 occasione
700 3563 838 3648 reliquos
876 3566 970 3645 locos,
1009 3567 1065 3630 ubi
1095 3567 1206 3643 ,vetus‘
1244 3586 1315 3626 cum

195 3675 292 3740 simili
316 3674 472 3739 adiectivo
496 3671 698 3737 coniunctum
722 3669 894 3753 invenitur,
919 3674 970 3739 hic
993 3674 1092 3738 oeulis
1116 3671 1283 3735 subiciam:

286 3783 361 3849 dial.
390 3780 441 3858 15,
474 3785 501 3845 1.
526 3804 587 3850 nou
616 3788 738 3860 desinis,
773 3792 907 3847 uetera
939 3794 967 3847 ct
1002 3784 1159 3863 critique
1197 3782 1316 3843 mirari·

197 3893 250 3970 16,
277 3892 320 3955 36
344 3913 430 3975 qoem
453 3912 507 3956 cos
532 3896 747 3957 veterescet
781 3902 973 3975 antequam
1001 3893 1123 3973 fiupitic.
1155 3884 1208 3969 (of.
1234 3886 1316 3949 Plin.

228 4120 231 4127 .
269 4142 292 4204 ¹)
318 4140 497 4195 Luteinische
527 4140 686 4211 Syncnyrue
726 4144 783 4197 und
815 4142 1038 4212 Etymologieen.
1091 4139 1207 4210 Leipzig
1240 4139 1317 4193 1827.

197 4232 252 4287 vol.
272 4230 311 4286 lV
330 4249 357 4300 p.
376 4232 419 4286 89.
1332 4228 1335 4232 ’
