2942 4625
625 237 668 299 24

87 441 211 483 morum
235 421 422 501 congestum
447 421 504 481 aut
527 415 751 501 perspicuitati
775 419 832 479 aut
854 414 1034 501 elegantiae
1057 414 1208 478 orationis

87 525 242 590 inservire
271 523 439 602 iudicabit,
473 524 523 589 vel
550 523 604 588 hie
627 527 755 587 serrata
785 522 951 606 utriusque
974 520 1209 606 significatione

86 633 217 719 propria
234 631 372 697 alterurn
389 631 492 694 altero
508 630 667 696 illustrari
684 634 716 695 et
732 630 895 715 explicari,
920 629 987 693 illic
1001 650 1102 713 paene
1120 628 1211 692 nulla

87 741 254 807 notionum
288 737 473 804 diversitate
502 739 592 803 nullo
628 739 806 803 sententiae
833 736 909 824 (non
938 737 1007 801 dico
1041 735 1210 820 orationis)

89 849 281 914 detrimento
306 846 500 911 alterutrum
524 846 632 910 abesse
647 867 738 929 posse
754 848 887 910 statuet.
922 844 1031 929 Atque
1052 837 1211 928 posterius

89 957 217 1041 quidem
241 976 342 1041 genus
366 953 487 1035 optimo
504 954 574 1017 iure
590 953 768 1030 abundans
792 952 880 1035 prius
901 954 1061 1035 copiosum
1084 950 1208 1016 dixeris.

91 1063 203 1148 Neque
228 1062 312 1128 enim
336 1059 558 1139 Boettichero,
592 1058 762 1124 brevitatis
786 1056 951 1122 Tacitinee
979 1060 1211 1145 propugnatori

90 1171 324 1258 impigerrime,
348 1167 451 1233 libens
474 1166 730 1245 concesserim,¹)
767 1189 803 1230 ea
827 1186 966 1249 quoque,
1003 1189 1101 1250 quae,
1140 1189 1210 1233 eum

90 1279 214 1362 copiam
237 1275 398 1360 quandam
415 1276 583 1340 verborum
607 1296 685 1358 prae
709 1294 741 1337 se
765 1274 883 1350 ferant,
908 1281 1021 1339 contra
1044 1274 1211 1339 brevitatis

91 1388 193 1471 legem
228 1404 408 1468 repugnare
442 1383 628 1460 videantur,
670 1403 704 1445 re
733 1404 809 1446 vera
846 1382 911 1445 rim
947 1382 1209 1465 alacritatemque

90 1488 243 1556 orationis
277 1490 324 1552 ita
358 1511 490 1576 augere,
530 1493 566 1554 ut
600 1491 670 1573 ipsa
704 1479 828 1573 quoque
863 1488 948 1553 inter
983 1488 1209 1575 brachylogiae

91 1597 236 1681 exempla
271 1597 383 1663 referri
418 1598 550 1681 possint.
609 1593 693 1659 Mira
728 1595 871 1679 profecto
906 1601 955 1660 est
991 1596 1211 1682 brachylogia,

90 1728 172 1789 quae
196 1704 389 1769 sententiam
412 1705 556 1789 pluribus
581 1704 691 1789 augeri
714 1709 747 1766 et
770 1702 960 1785 amplificari
983 1704 1116 1787 patitur.

181 1811 295 1895 ltaque
318 1812 473 1896 bipertita-
496 1811 534 1877 de
563 1811 613 1876 his
638 1811 714 1876 locis
738 1811 923 1894 quaestione
948 1812 1101 1877 institut-a
1125 1812 1213 1897 prius

93 1942 145 1985 eos
168 1920 325 1996 tractate,
350 1919 405 1984 ubi
422 1921 509 1983 notio
525 1920 629 1985 altera
646 1919 755 1984 addita
775 1918 872 1982 simili
888 1922 945 1983 aut
961 1920 1078 1983 certius
1102 1920 1215 1985 defini·

92 2034 146 2092 tur
170 2030 227 2093 aut
250 2026 373 2110 plenius
397 2027 587 2109 explicatur,
611 2026 723 2091 deinde
747 2026 786 2090 ad
810 2046 861 2089 eos
877 2048 927 2091 me
943 2033 1135 2107 convertam,
1161 2028 1216 2091 ubi

92 2136 210 2202 similia
234 2157 297 2198 non
322 2135 384 2199 iam
408 2136 543 2214 copiose,
567 2134 621 2198 sed
645 2134 846 2198 abundanter
869 2134 1149 2220 coniunguntum).

183 2242 292 2326 Atque
327 2242 360 2305 in
395 2242 553 2328 dialogo
588 2241 712 2325 quidem
749 2242 864 2324 prioris
891 2242 974 2325 quod
1003 2243 1068 2308 dixi
1092 2244 1217 2329 generis

94 2355 174 2419 haec
197 2351 348 2435 indagavi
371 2352 532 2434 exempla:

187 2462 215 2539 1,
240 2461 270 2524 5.
296 2462 443 2523 memoria
478 2470 506 2522 et
535 2462 748 2524 recordatione
777 2457 830 2541 (ef.
856 2458 1111 2538 6101110121,
1140 2460 1218 2525 103:

98 2591 231 2655 quaram
254 2589 358 2630 reram
381 2571 556 2631 recordatio
582 2577 610 2630 et
633 2569 791 2643 1111110110,
826 2572 853 2629 si
882 2588 944 2629 arra
968 2571 1109 2632 0111111110
1133 2575 1219 2633 oeci-

97 2683 199 2743 disset.
225 2710 268 2720 —-
292 2695 381 2758 prov.
412 2695 496 2740 cons.
528 2676 579 2752 18,
608 2674 666 2738 43:
703 2677 800 2737 ultimi
833 2677 978 2755 temporis
1006 2679 1220 2741 recordatione

97 2799 124 2851 et
149 2787 284 2869 praeire-i
307 2786 481 2858 memoria.)
507 2783 537 2859 4,
564 2782 584 2845 2
607 2786 753 2865 frequens
782 2792 809 2844 et
838 2785 965 2846 assidua
1004 2789 1164 2849 contentio.
1189 2785 1220 2864 4,

98 2898 130 2961 3.
155 2898 274 2975 apitarc
298 2900 326 2953 et
352 2892 478 2972 insequi.
516 2888 547 2966 ἴ),
572 2888 614 2952 26
639 2900 749 2952 iactam
785 2900 813 2954 et
841 2902 989 2955 terrorem
1017 2895 1097 2957 ultro
1126 2896 1219 2975 ferat.

98 3002 153 3086 (cf.
175 3000 238 3065 Cic.
257 2997 348 3062 Verr.
364 2994 411 3060 IV
433 2998 482 3074 19,
506 2997 565 3060 41:
589 3006 698 3060 metam
722 3021 761 3062 ae
785 2996 946 3084 timorem.)
963 3004 995 3076 4,
1013 2999 1055 3063 28
1071 3011 1222 3083 perpetua

98 3115 235 3194 potentia
253 3130 290 3171 ac
312 3115 464 3189 potestate
486 3109 627 3169 munitas.
654 3105 684 3183 5,
708 3105 751 3169 29
769 3110 1220 3190 01101111110011119100111110111.

102 3220 132 3298 6,
157 3218 188 3283 b.
219 3220 314 3282 libero
348 3225 376 3277 et
411 3217 540 3295 iaperrao
575 3217 676 3277 01111110
712 3214 743 3290 6,
780 3215 800 3278 6
827 3219 949 3297 plectam
978 3227 1006 3279 et
1033 3220 1221 3300 frequentem

102 3330 223 3390 douram
247 3324 278 3399 6,
305 3322 346 3385 14
371 3326 504 3387 1011111101
519 3332 635 3387 ueteres
658 3345 697 3388 ae
719 3344 816 3387 senes.
840 3320 938 3406 (quod
954 3323 994 3387 ad
1011 3324 1096 3388 hunc
1119 3325 1222 3389 locum

174 3644 195 3710 ¹)
214 3646 233 3699 l.
252 3645 271 3700 1.
291 3664 319 3716 p.
338 3643 417 3698 LXL.

175 3734 194 3803 ²)
224 3734 323 3788 Rothii
346 3732 473 3798 libellus,
507 3735 556 3803 qui
586 3733 764 3788 inscribitur:
804 3733 897 3788 Taciti
931 3750 1086 3803 synonyma
1115 3740 1144 3791 et
1174 3755 1224 3808 per

102 3821 136 3889 ἓν
164 3817 218 3889 διὰ
249 3823 341 3888 δυοῖν
371 3824 712 3893 dicta,Norinrbg.1826
742 3824 810 3877 mihi
830 3825 944 3892 praesto
963 3841 1017 3876 non
1036 3824 1106 3894 fuit3
1125 3827 1224 3897 itaque

104 3916 128 3970 si
149 3933 206 3985 qua
225 3915 282 3968 iam
302 3914 339 3968 ab
359 3914 412 3967 hoc
430 3915 543 3983 prolata
563 3912 661 3967 eodem
681 3914 764 3967 modo
783 3912 877 3983 posui,
905 3912 987 3966 venia
1012 3912 1082 3966 mihi
1101 3914 1225 3983 petenda

106 4009 158 4069 est,
177 4007 207 4059 et
227 4003 250 4056 si
270 4019 326 4070 qua
346 4002 383 4057 ab
402 4003 456 4056 hoc
474 4001 640 4055 iustioribus
659 4002 817 4055 rationibus
836 4003 961 4056 tractata
975 4002 1036 4072 ipse
1051 4003 1142 4056 minus
1161 4021 1224 4072 pro·

107 4093 252 4145 habilibus
283 4093 447 4159 persecutus
478 4108 552 4153 sum,
582 4107 754 4159 magnopere
783 4090 878 4157 doleo,
907 4092 982 4159 quod
1007 4092 1067 4146 eius
1096 4092 1225 4147 doctrina

108 4178 256 4243 spectabili
276 4178 346 4231 mihi
366 4179 482 4232 utinen
501 4178 591 4235 licuit.
