2942 4625
716 281 759 350 64

176 460 316 526 alienum
339 466 400 543 est,
426 461 511 542 quod
533 460 566 527 in
590 461 736 528 oratione
757 461 892 546 Claudii,
910 464 1048 545 quaein
1064 466 1174 533 tabula
1189 487 1296 533 aenea

176 572 337 650 servatur,
360 588 391 650 p.
417 565 491 650 314,
516 565 559 633 22
582 569 632 634 ed.
656 568 774 651 Nippd.
802 569 952 653 legimus:
977 570 1127 656 (Servius
1151 574 1294 659 Tullius)

176 684 308 740 rnontern
333 675 473 740 anlinrn
496 678 657 759 occnpaoit
683 685 712 742 et
744 699 765 741 a
788 678 865 742 dncc
892 700 948 742 666
979 679 1084 743 Caelio
1111 683 1158 745 ita
1185 683 1293 766 appel·

175 784 303 869 litavit),
332 781 380 848 ita
409 781 544 848 Tacitus
573 800 691 849 vereor
717 801 759 849 ne
781 783 958 850 identidem
980 785 1101 852 talibus
1125 787 1236 853 verbis
1259 788 1294 853 in

175 908 211 955 16
235 891 334 956 semel
358 894 454 972 gesta
477 909 556 956 usus
580 889 633 955 sit.
666 889 753 972 Quid
776 889 881 955 enim?
904 891 943 956 A.
961 890 1043 957 XIV
1066 890 1086 957 5
1109 892 1143 958 111
1165 893 1291 960 verbis:

174 999 348 1063 Acerronia
363 1018 457 1081 snper
468 998 564 1081 pedes
579 998 747 1063 cubitantis
757 999 884 1063 reclinis
895 1016 1001 1064 nonne
1012 1017 1117 1080 prava
1133 1000 1292 1067 evaderet

176 1104 349 1186 sententia,
374 1102 403 1170 si
426 1103 572 1170 cubitare
594 1103 873 1187 intellegeremus:
898 1122 997 1187 saepe
1013 1105 1152 1172 cubare?
1187 1108 1291 1173 Porro

174 1212 213 1277 A.
243 1212 312 1276 XII
339 1208 395 1275 47:
431 1214 465 1275 in
499 1213 603 1276 incarn
632 1261 639 1275 .
665 1260 672 1275 .
705 1212 812 1295 trabit,
837 1214 1002 1296 precisum
1044 1214 1110 1278 illic
1143 1215 1294 1299 sacrificii

170 1326 322 1403 paratnrn
337 1319 494 1402 dictitans,
511 1323 619 1383 utrum
637 1318 823 1384 necessario
844 1318 1051 1400 cogitandum
1075 1325 1136 1404 est,
1161 1320 1292 1403 saepius

175 1444 248 1491 eum
270 1425 331 1490 hoc
354 1424 476 1490 dixisse
499 1443 542 1490 an
565 1424 664 1490 semel
689 1442 761 1491 eum
783 1424 946 1491 monuisse
968 1425 1092 1508 fingere
1116 1426 1291 1494 debemus?

174 1531 323 1612 Denique
345 1532 385 1597 A.
409 1531 458 1598 IV
472 1528 507 1596 4:
525 1539 640 1617 quanto
655 1534 697 1597 sit
711 1534 877 1618 anpnrtins
893 1535 1117 1617 imperitatum,
1141 1534 1210 1600 XII
1232 1531 1289 1599 65:

174 1642 202 1703 si
218 1638 304 1704 Nero
325 1640 529 1725 imperitaret,
555 1656 618 1719 qua
640 1637 769 1703 ratione
791 1637 866 1704 huic
880 1639 981 1706 verbo
1001 1639 1162 1707 vindicari
1184 1640 1291 1723 possit

174 1745 262 1811 notio
285 1744 443 1813 iteratita
466 1744 544 1810 mihi
568 1744 696 1827 quideln
715 1763 780 1811 non
800 1745 912 1827 liquet.
948 1746 1070 1812 Contra
1089 1766 1212 1831 negare
1227 1768 1292 1814 non

175 1851 287 1935 ausim,
313 1856 427 1919 extare
449 1852 547 1934 locos,
571 1851 627 1918 nbi
650 1870 742 1918 suam
763 1853 908 1918 habeant
929 1852 995 1920 vim
1018 1855 1121 1920 verba
1140 1853 1290 1937 frequen-

172 1959 289 2043 tativa,
313 1964 351 2025 ut
372 1959 412 2024 A.
436 1959 518 2026 XIV
541 1957 601 2024 14:
625 1967 801 2024 concertare
835 1962 921 2046 equis
947 1964 1069 2046 repinnr
1098 1970 1127 2026 et
1149 1965 1289 2047 antiqnis

173 2068 303 2132 dncibns
329 2068 524 2153 factitatore,
559 2065 641 2132 XIV
663 2063 721 2131 48:
741 2066 896 2150 probrosa
930 2067 1081 2133 adversas
1109 2070 1289 2153 principem

173 2177 316 2239 carmina
331 2175 507 2260 factitavit,
532 2172 613 2240 XVI
628 2169 686 2238 28:
708 2173 891 2238 detestanda
914 2178 1056 2239 carmina
1079 2175 1284 2258 factitantem,

172 2280 214 2346 H.
231 2281 267 2346 H
283 2278 340 2347 10:
354 2284 409 2367 qni
425 2279 613 2366 temporibus
629 2279 768 2346 Neronia
783 2281 977 2364 delationem,
994 2282 1207 2365 factitaocrat,
1225 2281 1287 2366 Ag.

173 2386 229 2453 43:
253 2397 281 2453 ct
296 2390 484 2453 ventitavere
506 2388 549 2452 ad
571 2388 705 2469 1161116111,
730 2386 770 2452 A.
793 2387 876 2453 XVI
899 2385 955 2453 14:
983 2392 1135 2454 ventitare
1152 2389 1196 2454 611
1218 2412 1287 2455 enni

172 2498 301 2560 nnntios
329 2544 336 2559 .
361 2544 369 2559 .
397 2517 461 2559 non
484 2497 617 2581 frastra
649 2502 749 2561 ratas.
777 2494 981 2560 -Possum
1009 2495 1161 2578 persequi
1189 2495 1286 2562 etiam

172 2601 266 2684 plura
290 2601 447 2684 exempla,
476 2600 534 2667 sed
561 2601 644 2667 satis
675 2600 753 2670 mihi
784 2599 899 2667 videor
927 2601 1111 2668 ostendisse
1139 2601 1283 2668 Tacitum

172 2707 282 2775 verbIs
305 2707 355 2773 uti
377 2706 629 2790 frequentativis
653 2711 687 2773 et
709 2706 765 2773 ubi
786 2723 856 2774 rem
878 2707 1009 2789 saepius
1033 2713 1162 2790 gestam
1187 2713 1222 2774 et
1236 2707 1289 2775 ubi

174 2814 274 2881 semel
297 2818 424 2897 gestam
446 2818 613 2880 memorat.
638 2851 681 2862 --
703 2812 790 2880 Hinc
820 2817 858 2879 ut
880 2813 1060 2881 redeamus¹
1075 2815 1118 2881 ad
1140 2816 1289 2897 exempla

173 2942 272 3004 supra
286 2922 430 3004 laudata,
455 2941 525 2988 cum
540 2920 634 2986 modo
650 2919 836 3003 viderimus
862 2920 1054 3004 scriptorem
1070 2921 1154 2987 nude
1170 2920 1288 3003 positis

172 3029 283 3096 verbis
295 3027 481 3095 ventitandi
492 3032 527 3093 61
536 3027 710 3094 factitandi
724 3027 792 3096 vim
802 3027 991 3095 iterativam
1003 3027 1157 3109 tribuere,
1175 3046 1287 3093 conoe

172 3136 311 3202 dendum
322 3140 392 3218 est,
408 3134 455 3201 ibi
470 3153 596 3217 quoque
611 3133 690 3200 solis
704 3134 817 3202 verbis
833 3154 905 3200 eum
921 3134 1128 3216 acquiescere
1140 3133 1287 3215 potuisse

172 3262 276 3325 neque
287 3261 400 3310 vocem
410 3242 515 3307 crebro
525 3241 647 3307 addere
659 3240 820 3308 debuisse.
844 3238 1221 3307 Profectointerbrevis
1234 3241 1289 3306 vel

171 3368 308 3432 pressae
324 3348 482 3415 orationis
495 3348 643 3431 exempla
654 3347 735 3415 talia
746 3352 947 3430 parumapte
959 3345 1085 3413 referre
1097 3346 1284 3429 poterimus.

266 3456 379 3537 Neque
422 3455 493 3521 iure
535 3453 581 3520 ibi
626 3454 731 3521 locum
768 3454 933 3520 habebunt
971 3453 1005 3519 hi
1038 3453 1118 3520 loci:
1158 3454 1222 3536 Ag.
1246 3451 1284 3519 3:

172 3565 264 3629 inniti
290 3565 443 3649 fortuitis
476 3562 599 3627 casibus
634 3562 862 3627 interciderunt
884 3598 929 3609 -
971 3561 1034 3642 Ag.
1052 3557 1087 3625 7:
1112 3562 1251 3626 6166616.
1279 3611 1285 3626 .

171 3672 244 3735 anm
284 3669 462 3735 Intercatiae
499 3669 652 3733 hostiliter
684 3669 871 3753 popniatnr.
929 3666 1014 3749 Quid
1037 3665 1146 3732 anim?
1180 3684 1286 3732 nonne

170 3777 204 3842 in
237 3776 311 3859 ipsa
345 3795 425 3842 voce
471 3797 561 3840 66666
597 3776 690 3857 16161,
726 3772 863 3840 fortuito
901 3772 935 3838 id
972 3771 1145 3855 accidisse,
1181 3791 1287 3838 nonne

171 3883 315 3949 abundat
329 3882 484 3947 hostiliter
499 3881 645 3948 additum
660 3881 761 3948 verbo
775 3881 960 3967 popinatur,
986 3878 1079 3960 quasi
1099 3877 1172 3960 quis
1188 3877 1287 3944 otiam

171 3988 273 4055 amice
297 4007 395 4071 agros
428 3987 665 4070 popularetur?
709 3986 818 4069 Atque
843 3985 977 4052 eandem
1008 3986 1191 4052 ubertatem
1214 4003 1286 4067 per·

171 4093 297 4175 spicere
319 4093 396 4158 mihi
419 4093 532 4159 videor
547 4095 610 4175 Ag.
627 4090 670 4158 28
692 4093 727 4158 in
742 4092 869 4160 verbis:
889 4112 950 4176 per
965 4096 1285 4157 cornrnercia'nennrn-

171 4194 500 4261 decarminata:
534 4201 643 4279 emptis
671 4220 730 4280 per
753 4202 951 4280 cornrnercia;
984 4197 1179 4279 superfluum
1202 4196 1287 4262 enim
