2942 4625
617 239 659 302 :¹0

77 424 229 503 plerisque
256 440 313 499 per
354 420 464 497 priora
497 421 650 498 snppb'ctc
681 421 787 481 lenitis.
836 415 882 480 XI
910 418 943 479 2.
974 421 1198 500 corruptionem

78 532 218 603 militnm,
249 546 324 609 qnos
346 527 479 606 pecnnia
503 534 531 585 ct
561 535 669 606 strrpro
700 530 731 589 in
762 546 848 588 otone
868 525 1015 605 {topitiam
1039 529 1200 591 obstrictos

80 638 238 718 orqrretot.
285 632 332 698 XI
360 632 413 696 34.
442 635 577 713 oporicet
606 635 752 714 arubopes
779 642 808 695 ct
831 636 896 695 nori
920 636 1040 713 coptam
1063 634 1200 712 foceret;

80 746 134 806 sed
155 765 216 806 non
243 741 310 804 ideo
333 743 478 822 porcien,
503 745 575 821 quin
598 763 749 822 consponsa
773 750 802 802 et
825 761 885 823 qno
909 743 1091 802 ducerentur
1106 744 1199 803 incli-

78 861 193 914 notnro
230 850 465 930 responderet·
500 846 562 911 XV
598 848 652 913 49.
692 853 760 930 quis
798 853 918 929 primns
956 857 1075 921 auctor,
1111 851 1197 909 errius

79 963 221 1024 instinctu
245 960 393 1021 concitum
415 958 465 1032 sit,
491 958 574 1038 quod
596 967 657 1019 tom
690 959 775 1019 molti
797 964 999 1037 sumpserunt.
1044 951 1108 1017 XV
1147 954 1200 1019 54.

80 1069 222 1149 pruentia
249 1066 399 1147 perfidiae
429 1069 598 1145 reputavit,
638 1067 786 1146 siccatque
819 1067 967 1127 immenso
1003 1067 1136 1145 pecunia
1175 1073 1203 1126 et

79 1178 216 1257 potentio
249 1173 501 1236 obversabantur.
553 1170 615 1235 XV
644 1172 697 1238 56.
728 1176 968 1254 interropontnr,
1004 1173 1143 1254 quisnam
1177 1174 1205 1235 is

81 1304 191 1360 sermo,
216 1301 278 1364 quo
302 1281 339 1342 de
362 1302 397 1343 rc
418 1282 536 1362 fnisset.
700 1348 703 1356 ἱ

173 1387 220 1452 Ne
242 1387 356 1472 longus
373 1389 442 1464 sim,
466 1388 561 1470 plura
576 1387 721 1470 exempla
736 1408 881 1470 promere
904 1386 988 1462 nolo,
1012 1408 1083 1451 cum
1104 1407 1204 1470 genus

83 1500 185 1582 ipsum
203 1495 258 1572 eis,
282 1516 364 1577 qnae
381 1495 490 1571 attuli,
507 1493 585 1559 satis
602 1494 807 1578 adumbrasse
823 1493 903 1557 mihi
920 1492 1037 1559 videar.
1061 1493 1205 1577 Apparet

83 1610 191 1670 autem
215 1600 267 1664 hic
291 1624 416 1686 quoque
439 1603 522 1666 idem
537 1601 702 1684 scriptoris
718 1622 795 1680 mos,
820 1623 883 1684 quo
898 1602 1094 1666 sententiam
1110 1621 1207 1683 supra

85 1712 151 1776 sive
174 1732 239 1773 una
263 1731 339 1774 voce
362 1711 428 1774 sive
451 1711 547 1793 pleno
563 1711 732 1774 enunciato
749 1731 931 1793 expressam
954 1707 1039 1772 infra
1062 1707 1208 1793 pluribus

84 1819 244 1902 explicare
281 1817 404 1892 studea
439 1820 536 1900 atque
574 1817 720 1902 adiungit
759 1816 946 1892 enunciata,
981 1814 1038 1880 illo
1076 1814 1207 1881 consilio

84 1926 200 2010 posita,
234 1924 354 2007 (codem
378 1925 444 1988 fere
468 1923 569 2001 modo,
594 1945 656 2006 quo
681 1946 778 2009 supra
802 1923 947 2010 singulas
970 1941 1060 1987 voees
1083 1917 1207 1983 additas

84 2055 150 2097 csse
183 2031 376 2117 invenimus)
406 2032 594 2116 plerumque
633 2054 690 2115 per
719 2035 774 2109 ,et‘
802 2031 1012 2115 particulam3
1047 2027 1209 2091 interdum

84 2140 228 2204 relativis
262 2142 367 2204 utitur
401 2137 657 2222 pronominibuS,
687 2139 741 2224 (cf.
770 2138 810 2202 H.
846 2136 897 2202 III
924 2138 978 2203 42.
1007 2136 1046 2201 A.
1070 2132 1119 2198 XI
1152 2131 1214 2220 2),

85 2270 215 2332 perraro
239 2247 361 2312 nullam
386 2246 517 2312 adhibet
540 2246 804 2314 coniunctionem.
841 2245 951 2331 Neque
975 2245 1008 2308 in
1029 2266 1066 2309 eo
1089 2243 1123 2308 hi
1146 2242 1207 2306 loci

85 2355 254 2421 dissimiles
270 2359 345 2418 sunt
369 2352 539 2437 prioribus,
563 2355 647 2437 quod
663 2376 894 2439 nonnunquam
918 2359 976 2420 aut
994 2353 1207 2436 explicantur,

85 2486 167 2548 quae
192 2485 249 2547 per
273 2483 305 2524 se
329 2462 505 2526 clarissima
534 2467 620 2538 sunt,
637 2466 695 2526 aut
718 2467 814 2527 aucta
837 2462 1006 2527 verborum
1029 2460 1121 2543 copia
1144 2479 1209 2523 uon

87 2577 224 2655 angetur
249 2570 428 2633 sententiae
451 2569 662 2653 perspicuitas
687 2567 741 2656 (cf.
766 2570 841 2635 dial.
871 2570 921 2635 16.
947 2569 999 2634 36.
1025 2566 1065 2632 H.
1083 2565 1127 2632 II.
1151 2565 1208 2649 4,).

88 2678 233 2760 Denique
259 2676 448 2747 monendum
472 2680 531 2754 est,
555 2676 708 2741 eiusmodi
725 2677 809 2740 locos
825 2699 882 2760 pcr
898 2698 1007 2742 omnes
1023 2676 1089 2740 fere
1111 2675 1209 2739 libros

86 2786 209 2869 pariter
233 2783 424 2866 deprehendi
448 2807 550 2867 neque
573 2790 630 2848 aut
653 2783 776 2866 copiam
799 2806 911 2850 corum
934 2788 991 2848 aut
1014 2783 1210 2869 gravitatem
1262 2827 1264 2830 -

86 2892 356 2956 abundantiarum
387 2892 595 2975 pedetemtim
625 2891 668 2955 sio
704 2890 884 2970 immutari,
920 2898 956 2956 ut
983 2894 1046 2958 ista
1074 2889 1211 2954 mutatio

88 3001 184 3062 certis
209 2999 347 3063 numeris
371 2999 586 3063 circumscribi
610 3001 721 3083 possit.

181 3105 289 3189 Atque
319 3107 368 3171 his
396 3106 522 3189 quidem
550 3129 621 3171 cum
643 3111 777 3191 peracta
812 3107 855 3172 sit
878 3109 957 3173 hacc
986 3100 1211 3191 disputationis

91 3358 303 3365 mm

89 3547 229 3620 principia
257 3548 326 3602 betti
351 3551 500 3604 secundum
528 3552 686 3605 Flavianos'
711 3551 856 3605 commode
881 3551 980 3604 abesse
1004 3547 1125 3618 possint,
1155 3547 1212 3603 imo

90 3656 267 3708 supervacua
287 3638 353 3705 sint,
372 3640 407 3693 sd
426 3657 460 3695 ea
480 3638 601 3694 delenda
619 3658 723 3710 pronus
747 3639 932 3695 videturesse
945 3639 1055 3708 (aperte
1068 3637 1144 3692 enim
1156 3656 1214 3694 non

27 3785 28 3788 ,
89 3729 265 3798 profitetu1·);
285 3728 331 3782 hic
343 3729 442 3783 cadam
454 3729 671 3784 ratiocinatione
691 3731 792 3783 ductus
812 3728 948 3782 audacius
966 3744 1053 3797 agens
1067 3728 1115 3782 illa
1128 3733 1214 3783 rerba

90 3819 233 3885 expellere
253 3834 308 3870 non
328 3818 480 3873 dubitarit.
519 3818 597 3882 Quod
618 3818 678 3888 ipse
698 3820 819 3889 probare
839 3834 956 3886 nequeo,
977 3833 1077 3887 neque,
1101 3818 1214 3873 etiamsi

92 3905 271 3959 abundarent
292 3907 385 3969 verba,
407 3907 472 3962 idac
491 3908 620 3961 eicienda
640 3910 744 3962 essent.
764 3908 819 3962 Sed
838 3925 868 3961 rc
888 3924 955 3960 vera
973 3924 1075 3961 novam
1093 3905 1215 3960 afferunt

91 3994 280 4059 sententiam,
313 4013 394 4064 quae,
425 3996 479 4051 etsi
498 4015 554 4050 non
582 4015 695 4065 prorsus
719 3997 896 4063 necessaria,
921 3999 965 4051 est
988 3998 1083 4051 tamen
1105 4013 1120 4049 e
1139 4011 1215 4049 more

92 4081 191 4146 Taciti,
212 4100 268 4151 quo
296 4083 468 4138 sententiam
492 4086 590 4154 paucis
615 4085 812 4140 adumbratam
839 4084 869 4138 in
895 4085 1077 4155 sequentibus
1102 4086 1215 4138 auctam

92 4167 140 4216 aut
160 4171 263 4221 certius
284 4172 522 4241 circumscriptam
540 4176 669 4244 repetere
689 4175 769 4228 solet.
