2942 4625
807 216 849 281 23

266 395 440 478 quiscum
465 394 497 459 vi
519 397 652 478 propter
675 394 890 478 frequentiam
915 394 1025 460 domus
1049 394 1221 463 Caesareae
1248 400 1389 485 grassari

263 520 329 565 non
351 502 468 582 posset,
491 500 564 567 dolo
588 502 617 567 ei
640 502 793 567 utendum
817 507 896 568 erat.
942 500 1088 585 Apteque
1110 505 1219 590 pergit
1236 506 1388 591 scriptor:

263 606 401 691 ‚placuit
435 610 555 673 tamen‘
590 608 645 693 (se.
676 632 871 694 quamquam
905 632 1027 677 moram
1062 612 1191 699 attulit)
1225 612 1389 693 ,occultior

263 712 345 790 via‘3
379 734 479 798 quare
512 715 630 781 iniuria
665 716 832 781 Halmium
870 718 1018 783 dubitare
1052 717 1215 798 existimo,
1254 745 1296 787 an
1330 744 1388 805 pro

263 824 396 900 ,tamen‘
426 825 578 901 ,taudem‘
606 826 782 910 genuinum
810 825 991 890 habendum
1022 826 1075 891 sit.
1125 825 1239 911 Itaque
1268 851 1309 894 ne
1337 829 1389 893 hie

261 931 393 1016 quidem
416 931 587 1015 quidquam
612 934 803 1000 mutandum
827 955 893 998 esse
917 935 1070 999 arbitror.

700 1786 851 1928 Caput
889 1787 949 1901 11.

351 2017 496 2085 Alterius
525 2020 609 2104 qnod
638 2019 740 2084 statui
767 2019 909 2104 generis,
939 2019 993 2084 ubi
1020 2040 1201 2104 synonyma
1224 2043 1305 2105 quae
1328 2045 1384 2087 vo·

261 2128 377 2192 eantur
403 2130 461 2191 aut
485 2127 562 2193 bina
591 2130 649 2192 aut
672 2127 772 2192 etiam
794 2127 890 2211 plura
913 2128 1162 2212 componuntnr,
1191 2129 1294 2194 multu
1317 2129 1383 2194 lar·

260 2234 353 2322 giora
377 2233 587 2300 inveniuntur
609 2235 772 2319 exempla3
802 2256 906 2320 neque
929 2234 990 2300 hoe
1011 2234 1060 2298 ita
1082 2232 1280 2316 mirandum,
1304 2257 1383 2322 quo·

259 2342 348 2408 niam
371 2346 405 2408 et
428 2346 546 2407 natura
561 2344 714 2408 sermonis
729 2343 826 2408 latini
849 2343 933 2409 hane
949 2344 1130 2408 ubertatem
1153 2343 1383 2425 quodammodo

260 2450 403 2534 exposcit
437 2453 470 2514 et
497 2451 691 2516 consuetudo
724 2451 791 2516 fere
818 2450 995 2534 aequabilis
1023 2449 1215 2533 scriptorum
1242 2450 1383 2514 omnium

261 2555 347 2622 hune
370 2578 491 2622 morem
515 2559 659 2623 retinnit.

351 2662 413 2729 Sed
429 2686 491 2729 non
509 2665 655 2731 omnibus
670 2665 758 2746 loeis,
782 2665 837 2730 ubi
853 2686 1031 2750 synonyma
1046 2662 1249 2747 copulantur,
1273 2663 1382 2728 eadem

259 2770 402 2838 cernitur
425 2772 639 2838 abundantia:
663 2794 701 2838 ea
717 2775 801 2838 enim
826 2774 923 2838 verba
940 2771 1067 2850 similia,
1084 2791 1220 2854 quorum
1243 2770 1383 2834 alterum

259 2879 394 2946 alterius
422 2878 689 2964 significationem
713 2882 771 2943 aut
794 2880 940 2945 illustrat
965 2881 1023 2944 aut
1046 2876 1226 2961 restringit,
1250 2876 1316 2957 vel,
1345 2882 1383 2941 ut

261 2988 404 3053 breviter
431 2985 550 3064 diuam,
581 2984 715 3051 alterius
745 2987 870 3052 notioni
894 2986 1016 3071 aliquid
1045 2985 1152 3062 addit,
1183 3005 1247 3048 non
1272 2983 1382 3049 eadem

260 3093 385 3159 ratione
413 3094 590 3177 composita
624 3113 691 3158 esse
725 3101 861 3179 apparet
897 3098 995 3178 atque
1027 3113 1079 3170 ea,
1114 3092 1170 3157 ubi
1203 3093 1286 3158 nihil
1316 3093 1382 3157 fere

261 3200 452 3267 discriminis
468 3201 554 3266 inter
570 3200 714 3288 singulas
730 3201 875 3267 notiones
891 3197 1159 3292 deprehenditur3
1182 3222 1282 3285 quare
1297 3206 1382 3265 reete

261 3308 447 3376 Boettieher
488 3309 624 3389 ,multa‘,
661 3308 783 3393 inquit,
812 3310 1025 3387 ,abundarent
1052 3306 1085 3372 in
1110 3309 1185 3374 stilo
1208 3307 1327 3388 Taciti,
1356 3306 1382 3371 si

259 3416 342 3482 idern
365 3417 461 3500 plane
484 3415 704 3503 significarent
725 3437 913 3500 synonyma,
937 3438 1020 3501 quae
1042 3415 1140 3502 vulgo
1162 3418 1331 3482 dicuntur‘.
1345 3427 1367 3483 1)

351 3522 470 3589 Verum
503 3523 746 3588 intricatissima
775 3526 824 3588 est
855 3524 935 3589 haee
961 3522 1108 3608 quaestio
1135 3545 1172 3590 ae
1194 3523 1382 3607 plerumque

262 3654 327 3697 non
351 3637 420 3697 tarn
443 3632 538 3697 certis
562 3630 741 3696 rationibus
764 3653 861 3715 quam
885 3632 952 3695 solo
975 3630 1114 3717 legentis
1130 3630 1266 3695 arbitrio
1288 3650 1382 3712 expe·

259 3736 384 3817 dienda,
409 3739 485 3822 quia
508 3760 696 3824 synonyma,
720 3761 802 3823 quae
819 3738 883 3805 aliu
907 3740 976 3803 loeo
991 3759 1056 3802 non
1072 3737 1168 3821 plane
1184 3737 1266 3802 idem
1282 3737 1382 3821 signi-

259 3843 370 3922 ficant,
394 3845 644 3912 alienationem
668 3847 817 3912 videntur
846 3845 1023 3930 exprimere
1045 3866 1150 3910 unam.
1199 3843 1286 3919 Quae
1309 3865 1380 3907 eum

259 3952 307 4016 ita
330 3952 406 4031 sint,
430 3955 621 4040 utquisque
644 3953 837 4019 senteutiam
854 3954 958 4017 totam
973 3953 1153 4039 intelleget,
1177 3951 1225 4016 ita
1241 3972 1381 4035 synony-

261 4097 473 4108 --..-..-..........

334 4165 356 4231 ¹)
375 4166 470 4225 Lexie.
489 4166 555 4222 Teo.
574 4186 601 4238 p.
622 4167 718 4223 exul.
