2942 4625
684 268 725 336 36

149 453 178 511 et
199 447 345 510 lacrimas
367 451 434 530 cito,
458 447 594 511 dolorem
616 455 644 519 el
667 450 827 511 tristitiam
854 448 944 510 tarde
966 455 1099 530 ponartt.
1129 484 1172 494 -
1200 444 1253 511 29.

147 553 216 617 sede
230 552 409 637 finibnsqne
431 555 466 616 in
488 574 547 616 saa
560 556 643 636 ripa,
678 561 776 616 mente
791 556 954 637 animoqne
969 552 1125 616 nobiscnm
1147 561 1253 637 ayant.
1336 553 1340 558 ’

148 656 204 743 (cf.
217 655 269 723 46.
282 659 351 723 sede
367 680 404 723 aa
420 660 611 740 domiciliis)
635 695 679 704 —
701 656 754 722 34.
767 662 904 722 sanctius
915 666 943 722 et
953 661 1143 722 reverentias
1153 661 1253 722 risam

148 762 203 849 (cf.
229 763 302 829 dial.
334 761 385 846 10,
410 761 451 828 16
481 786 587 829 sacros
604 772 632 828 et
647 762 970 849 venerabiles)—35.
994 766 1090 828 randis
1113 765 1256 847 raptibus

147 878 203 935 ant
225 871 399 935 latrociniis
421 871 618 953 populantia
652 868 838 955 (recurrunt
864 871 945 935 haec
973 889 1152 952 synonyma
1172 872 1214 935 H.
1238 872 1256 935 Ι

146 973 189 1041 46
212 976 247 1041 Π
270 973 322 1040 58.
347 975 388 1041 cf.
412 976 451 1039 A.
475 975 510 1040 ΙΙ
533 973 576 1039 52
603 998 698 1062 napos
720 979 863 1060 primam
894 984 922 1040 et
954 978 1129 1041 latrociniis
1156 986 1257 1040 moetos

146 1083 190 1147 ad
207 1083 363 1166 praedam
387 1090 415 1146 et
436 1090 549 1165 raptas
571 1104 766 1168 conprecare.
802 1082 913 1162 Neque
941 1100 1020 1147 vero
1043 1082 1161 1148 desunt
1183 1082 1254 1164 loci,

146 1188 202 1254 ubi
224 1188 329 1266 altera
352 1192 427 1253 utra
449 1206 513 1254 vox
537 1189 606 1252 sola
628 1188 802 1268 reperitur:
826 1189 868 1252 H.
891 1188 940 1252 IV
963 1185 1014 1252 50.
1046 1189 1085 1253 A.
1110 1189 1177 1253 XII
1200 1186 1253 1270 27,

147 1292 199 1360 39.
213 1294 293 1360 XIV
305 1290 357 1358 23.
370 1294 434 1358 XV
456 1292 485 1375 1,
509 1290 596 1378 381).
609 1331 653 1340 —
666 1290 717 1358 36.
743 1298 797 1379 qai
812 1296 884 1358 olim
900 1294 971 1358 loni
991 1298 1141 1379 acqaiqae
1156 1297 1257 1359 oocati

146 1408 230 1465 sant.
255 1438 299 1447 —
323 1397 375 1465 39.
400 1408 500 1464 cetera
522 1401 656 1464 saliceto
678 1408 770 1485 atque
787 1403 947 1483 parentia.

234 1505 303 1574 Iam
326 1510 503 1586 sequantur
532 1525 570 1570 ea
598 1524 785 1587 synonyma,
820 1505 907 1570 inter
934 1523 1017 1585 quae
1043 1523 1146 1586 paene
1174 1505 1254 1570 nihil

144 1611 318 1678 intercedit
349 1610 556 1677 discriminis:
592 1608 622 1676 6.
650 1620 726 1695 apta
755 1619 783 1674 et
805 1620 989 1697 conpraente
1017 1612 1060 1674 ad
1089 1619 1256 1695 equestrem

138 1739 284 1804 papnam
294 1720 460 1782 uelocitate.
472 1755 517 1764 -
528 1715 558 1782 7.
582 1718 709 1801 infinita
721 1726 777 1781 ant
788 1719 886 1782 libera
904 1725 1049 1801 potestas.
1063 1755 1106 1763 —
1118 1715 1148 1781 8.
1172 1721 1254 1781 acies

145 1827 313 1889 inclinatas
335 1828 401 1888 iam
424 1833 453 1889 et
475 1825 613 1889 labantes
636 1822 765 1907 (eadam
792 1823 932 1905 luxurie,
969 1823 1033 1888 etsi
1060 1828 1156 1888 aucta
1183 1842 1255 1903 per-

66 1947 70 1952 ’
146 1929 329 2012 spiouitate,
353 1949 407 1996 res
424 1949 506 2011 quae
528 1930 609 1996 fiunt
636 1930 831 2010 eaedemque
853 1929 961 1993 iactae
986 1930 1176 2010 copulantur
1212 1926 1254 1994 16

146 2040 291 2102 connexis
325 2045 353 2102 et
392 2038 622 2101 cohaerentibus
660 2037 813 2119 aedificiis
861 2032 914 2100 22.
955 2036 1071 2099 detecta
1106 2043 1134 2099 et
1167 2036 1255 2099 nnda

145 2146 283 2207 omniam
316 2165 400 2207 mens
443 2144 485 2207 H.
508 2143 557 2207 IV
591 2139 634 2207 30
669 2164 852 2225 suspensam
886 2150 914 2206 et
946 2150 1062 2206 natans
1095 2142 1254 2206 maritina-

145 2248 365 2314 mentemst.
396 2268 495 2330 supra
523 2248 598 2314 dial.
624 2245 675 2331 18,
700 2246 743 2313 23
772 2249 834 2330 Ag.
865 2245 1034 2334 4).-24.
1061 2256 1193 2313 extremo
1216 2270 1253 2312 aa

145 2357 308 2420 norissima
320 2358 405 2420 iacta
417 2354 473 2442 (cf.
481 2354 545 2420 Cic.
559 2355 600 2419 de
612 2355 676 2421 div.
693 2355 728 2419 H
743 2353 796 2437 43,
813 2352 854 2418 91
867 2356 910 2418 ad
921 2357 1039 2419 coelam
1050 2358 1162 2438 ipsam,
1171 2356 1252 2439 qnod

145 2471 314 2528 extremam
331 2470 422 2547 atqae
438 2465 583 2526 nltimam
597 2461 708 2525 mandi
725 2460 793 2546 est.)
817 2499 861 2507 —
884 2459 936 2526 33.
960 2468 1084 2524 omnent
1105 2461 1255 2546 daretque

144 2569 285 2655 pentibus
298 2617 326 2633 ..
351 2569 456 2633 odiam
480 2570 540 2632 sai.
553 2604 597 2613 -
613 2564 664 2631 39.
689 2566 790 2631 attolli
813 2574 841 2631 et
856 2570 1017 2652 inserpere
1032 2567 1119 2630 laad
1134 2568 1252 2630 licitam

146 2674 202 2761 (61.
227 2673 320 2741 Caes
338 2675 368 2740 b.
389 2693 419 2755 g.
444 2669 499 2737 27:
525 2671 641 2758 (alces)
665 2676 693 2737 si
714 2694 772 2757 qno
788 2673 934 2757 adflictae
950 2694 1024 2736 casn
1044 2674 1252 2755 conciderant,

145 2785 261 2867 eripere
272 2803 303 2845 se
315 2789 371 2845 aat
382 2780 540 2844 sablonare
552 2800 615 2843 non
621 2778 779 2864 possunt.)
792 2817 836 2825 —
859 2777 912 2844 43.
936 2781 1060 2843 dirimit
1081 2780 1254 2865 scinditque

146 2888 293 2952 Saeniam
315 2891 495 2952 rontinnnm
516 2889 667 2950 mantiam
689 2889 807 2972 inqnm.

231 2992 450 3059 Pertraotatis
481 2990 583 3074 igitur
609 2992 701 3057 libris
728 2991 903 3057 minoribns
930 2991 994 3056 iam
1022 2992 1064 3056 ad
1086 2989 1252 3058 Historias

144 3100 349 3181 accedamus
368 3099 431 3180 ,sed
453 3097 552 3163 liceat
580 3117 710 3181 quaeso,
740 3098 888 3178 quoniam
916 3103 950 3163 et
971 3098 1126 3180 temporis
1153 3097 1252 3162 inter·

144 3206 230 3273 vallo
243 3205 433 3271 dirimuntur
444 3204 663 3271 Historiarum
677 3204 754 3269 libri
769 3203 962 3285 aprioribus
978 3207 1013 3270 63
1027 3208 1252 3286 argumentum

145 3313 185 3378 ab
201 3311 252 3376 his
275 3330 426 3393 magnam
441 3315 567 3391 partem
582 3311 746 3376 diversum
766 3310 829 3376 sibi
843 3329 1050 3392 proposuere,
1064 3310 1251 3390 priusquam

144 3437 263 3484 morem
277 3417 323 3482 ibi
339 3419 504 3483 servatum
519 3415 709 3497 intueamur,
734 3415 811 3495 quid
832 3415 897 3480 iam
913 3416 1040 3481 6136633
1055 3414 1250 3494 discriminis

143 3524 229 3590 inter
252 3524 374 3604 scripta
388 3522 512 3587 minora
526 3520 763 3603 pervestigare.
809 3521 917 3603 Atque
938 3540 1127 3602 quamquam
1142 3539 1250 3587 nume·

143 3650 252 3697 rorum
263 3629 443 3695 rationibus
459 3647 525 3695 non
539 3627 670 3693 limium
690 3627 896 3693 tribuendum
918 3632 978 3708 est,
1002 3627 1195 3708 praesertim
1216 3626 1250 3691 in

215 3807 239 3877 ¹)
257 3808 339 3863 Aliud
357 3810 407 3871 est,
427 3806 497 3873 quod
515 3809 593 3860 extat
610 3806 643 3859 A.
661 3805 716 3860 XII
734 3805 782 3860 54:
801 3808 939 3875 spolioque
956 3812 981 3857 et
995 3806 1116 3874 praedas
1134 3807 1170 3857 od
1183 3821 1249 3872 pro·

144 3905 282 3951 curatores
300 3897 406 3963 referre
410 3913 421 3961 ;
438 3894 510 3948 idem
527 3894 584 3948 fere
603 3893 773 3964 significatur
785 3901 900 3962 utraque
912 3909 986 3959 voce,
1006 3893 1113 3960 sedita,
1133 3899 1166 3947 33
1177 3893 1250 3961 prior

145 4000 177 4038 ea
205 3983 405 4051 complectatur,
433 3981 529 4047 quibus
557 3982 671 4050 gloriam
698 3988 727 4037 63
753 3983 880 4036 honorem
907 3983 1021 4050 assequi,
1049 3983 1181 4050 posterior
1207 3997 1248 4046 63,

144 4087 256 4137 quorum
286 4068 452 4136 possessione
481 4069 601 4136 gaudere
632 4087 662 4124 66
696 4071 752 4124 frui
781 4070 880 4137 aliquis
913 4071 1007 4137 possit.
1047 4067 1093 4136 (cf.
1123 4069 1248 4124 Doederl.

143 4157 162 4209 1.
180 4157 198 4210 1.
215 4156 264 4211 rv.
285 4154 359 4223 aar.)
