<?xml version="1.0" encoding="UTF-8"?>
<!DOCTYPE html PUBLIC "-//W3C//DTD XHTML 1.0 Transitional//EN"
    "http://www.w3.org/TR/xhtml1/DTD/xhtml1-transitional.dtd">
<html xmlns="http://www.w3.org/1999/xhtml" xml:lang="en" lang="en">
 <head>
  <title>
</title>
<meta http-equiv="Content-Type" content="text/html;charset=utf-8" />
  <meta name='ocr-system' content='tesseract 3.04.00' />
  <meta name='ocr-capabilities' content='ocr_page ocr_carea ocr_par ocr_line ocrx_word'/>
</head>
<body>
  <div class='ocr_page' id='page_1' title='image "./deabundantidice00gerigoog_0054.png"; bbox 0 0 2942 4625; ppageno 0'>
   <div class='ocr_carea' id='block_1_1' title="bbox 670 221 799 345">
    <p class='ocr_par' dir='ltr' id='par_1_1' title="bbox 670 221 799 345">
     <span class='ocr_line' id='line_1_1' title="bbox 670 221 799 345; baseline -0.016 0"><span class='ocrx_word' id='word_1_1' title='bbox 670 221 799 345; x_wconf 80' lang='lat'>34¹</span> 
     </span>
    </p>
   </div>
   <div class='ocr_carea' id='block_1_2' title="bbox 136 449 1245 649">
    <p class='ocr_par' dir='ltr' id='par_1_2' title="bbox 136 449 1245 649">
     <span class='ocr_line' id='line_1_2' title="bbox 138 449 1245 539; baseline 0.003 -17"><span class='ocrx_word' id='word_1_2' title='bbox 138 449 269 522; x_wconf 87' lang='lat' dir='ltr'>addissc</span> <span class='ocrx_word' id='word_1_3' title='bbox 291 455 392 538; x_wconf 89' lang='lat' dir='ltr'>ponit.</span> <span class='ocrx_word' id='word_1_4' title='bbox 419 451 536 538; x_wconf 84' lang='lat' dir='ltr'>ltaque</span> <span class='ocrx_word' id='word_1_5' title='bbox 557 453 694 538; x_wconf 80' lang='lat' dir='ltr'>vulgata</span> <span class='ocrx_word' id='word_1_6' title='bbox 715 453 812 523; x_wconf 89' lang='lat' dir='ltr'>lectio</span> <span class='ocrx_word' id='word_1_7' title='bbox 834 452 912 522; x_wconf 86' lang='lat' dir='ltr'>milri</span> <span class='ocrx_word' id='word_1_8' title='bbox 934 455 1061 539; x_wconf 87' lang='lat' dir='ltr'>quidem</span> <span class='ocrx_word' id='word_1_9' title='bbox 1083 456 1170 525; x_wconf 91' lang='lat' dir='ltr'>haud</span> <span class='ocrx_word' id='word_1_10' title='bbox 1189 453 1245 525; x_wconf 91' lang='lat' dir='ltr'>im·</span> 
     </span>
     <span class='ocr_line' id='line_1_3' title="bbox 136 560 1244 649; baseline 0.003 -20"><span class='ocrx_word' id='word_1_11' title='bbox 136 560 305 646; x_wconf 86' lang='lat' dir='ltr'>probanda</span> <span class='ocrx_word' id='word_1_12' title='bbox 332 581 405 630; x_wconf 85' lang='lat' dir='ltr'>esse</span> <span class='ocrx_word' id='word_1_13' title='bbox 431 560 575 644; x_wconf 70' lang='lat' dir='ltr'>videtum</span> <span class='ocrx_word' id='word_1_14' title='bbox 609 581 735 646; x_wconf 87' lang='lat' dir='ltr'>verum,</span> <span class='ocrx_word' id='word_1_15' title='bbox 771 563 800 628; x_wconf 88' lang='lat' dir='ltr'>si</span> <span class='ocrx_word' id='word_1_16' title='bbox 828 562 905 645; x_wconf 87' lang='lat' dir='ltr'>quid</span> <span class='ocrx_word' id='word_1_17' title='bbox 931 563 1119 631; x_wconf 90' lang='lat' dir='ltr'>mutandum</span> <span class='ocrx_word' id='word_1_18' title='bbox 1146 571 1244 649; x_wconf 88' lang='lat' dir='ltr'>esset,</span> 
     </span>
    </p>
   </div>
   <div class='ocr_carea' id='block_1_3' title="bbox 38 668 1246 754">
    <p class='ocr_par' dir='ltr' id='par_1_3' title="bbox 38 668 1246 754">
     <span class='ocr_line' id='line_1_4' title="bbox 38 668 1246 754; baseline 0.005 -20"><span class='ocrx_word' id='word_1_19' title='bbox 38 729 41 734; x_wconf 90' lang='lat'><strong>.</strong></span> <span class='ocrx_word' id='word_1_20' title='bbox 136 668 343 752; x_wconf 86' lang='lat' dir='ltr'>Peerlkampi</span> <span class='ocrx_word' id='word_1_21' title='bbox 370 668 625 737; x_wconf 82' lang='lat' dir='ltr'>emendationem</span> <span class='ocrx_word' id='word_1_22' title='bbox 651 669 749 753; x_wconf 87' lang='lat' dir='ltr'>longe</span> <span class='ocrx_word' id='word_1_23' title='bbox 770 669 971 751; x_wconf 81' lang='lat' dir='ltr'>praeferrem</span> <span class='ocrx_word' id='word_1_24' title='bbox 994 670 1037 753; x_wconf 85' lang='lat' dir='ltr'>ei,</span> <span class='ocrx_word' id='word_1_25' title='bbox 1074 691 1168 754; x_wconf 85' lang='lat' dir='ltr'>quam</span> <span class='ocrx_word' id='word_1_26' title='bbox 1190 691 1246 739; x_wconf 93' lang='lat' dir='ltr'>nu-</span> 
     </span>
    </p>
   </div>
   <div class='ocr_carea' id='block_1_4' title="bbox 135 775 1247 1714">
    <p class='ocr_par' dir='ltr' id='par_1_4' title="bbox 135 775 1247 1714">
     <span class='ocr_line' id='line_1_5' title="bbox 136 775 1245 859; baseline 0 -16"><span class='ocrx_word' id='word_1_27' title='bbox 136 776 276 859; x_wconf 88' lang='lat' dir='ltr'>perrime</span> <span class='ocrx_word' id='word_1_28' title='bbox 299 776 489 859; x_wconf 81' lang='lat' dir='ltr'>Kruegerus</span> <span class='ocrx_word' id='word_1_29' title='bbox 511 775 680 858; x_wconf 87' lang='lat' dir='ltr'>proposuit</span> <span class='ocrx_word' id='word_1_30' title='bbox 713 775 748 841; x_wconf 91' lang='lat' dir='ltr'>in</span> <span class='ocrx_word' id='word_1_31' title='bbox 778 776 985 843; x_wconf 85' lang='lat' dir='ltr'>Fleckeiseni</span> <span class='ocrx_word' id='word_1_32' title='bbox 1018 780 1124 845; x_wconf 89' lang='lat' dir='ltr'>annal.</span> <span class='ocrx_word' id='word_1_33' title='bbox 1160 776 1245 844; x_wconf 83' lang='lat'>1877</span> 
     </span>
     <span class='ocr_line' id='line_1_6' title="bbox 136 880 1245 968; baseline 0.003 -20"><span class='ocrx_word' id='word_1_34' title='bbox 136 902 167 967; x_wconf 88' lang='lat' dir='ltr'>p.</span> <span class='ocrx_word' id='word_1_35' title='bbox 192 880 267 948; x_wconf 84' lang='lat'><strong>788.</strong></span> <span class='ocrx_word' id='word_1_36' title='bbox 314 882 377 967; x_wconf 82' lang='lat' dir='ltr'>Qui</span> <span class='ocrx_word' id='word_1_37' title='bbox 407 901 491 964; x_wconf 88' lang='lat' dir='ltr'>pone</span> <span class='ocrx_word' id='word_1_38' title='bbox 514 882 609 965; x_wconf 84' lang='lat' dir='ltr'>,idem</span> <span class='ocrx_word' id='word_1_39' title='bbox 631 884 735 948; x_wconf 89' lang='lat' dir='ltr'>tenor‘</span> <span class='ocrx_word' id='word_1_40' title='bbox 758 882 914 965; x_wconf 83' lang='lat' dir='ltr'>languere</span> <span class='ocrx_word' id='word_1_41' title='bbox 936 888 1029 950; x_wconf 90' lang='lat' dir='ltr'>ratus</span> <span class='ocrx_word' id='word_1_42' title='bbox 1052 884 1245 968; x_wconf 71' lang='lat' dir='ltr'>silentium,</span> 
     </span>
     <span class='ocr_line' id='line_1_7' title="bbox 138 988 1247 1072; baseline 0 -16"><span class='ocrx_word' id='word_1_43' title='bbox 138 989 286 1072; x_wconf 81' lang='lat' dir='ltr'>quoniam</span> <span class='ocrx_word' id='word_1_44' title='bbox 324 989 427 1057; x_wconf 90' lang='lat' dir='ltr'>verba</span> <span class='ocrx_word' id='word_1_45' title='bbox 461 988 556 1072; x_wconf 88' lang='lat' dir='ltr'>‚idem</span> <span class='ocrx_word' id='word_1_46' title='bbox 590 991 695 1055; x_wconf 88' lang='lat' dir='ltr'>tenor‘</span> <span class='ocrx_word' id='word_1_47' title='bbox 726 988 761 1054; x_wconf 94' lang='lat' dir='ltr'>in</span> <span class='ocrx_word' id='word_1_48' title='bbox 788 990 849 1055; x_wconf 91' lang='lat' dir='ltr'>hoc</span> <span class='ocrx_word' id='word_1_49' title='bbox 876 1009 1021 1058; x_wconf 80' lang='lat' dir='ltr'>connexu</span> <span class='ocrx_word' id='word_1_50' title='bbox 1051 1009 1115 1057; x_wconf 92' lang='lat' dir='ltr'>non</span> <span class='ocrx_word' id='word_1_51' title='bbox 1142 990 1247 1057; x_wconf 83' lang='lat' dir='ltr'>differ-</span> 
     </span>
     <span class='ocr_line' id='line_1_8' title="bbox 137 1095 1247 1181; baseline 0.001 -18"><span class='ocrx_word' id='word_1_52' title='bbox 137 1101 213 1163; x_wconf 89' lang='lat' dir='ltr'>rent</span> <span class='ocrx_word' id='word_1_53' title='bbox 235 1116 257 1163; x_wconf 88' lang='lat' dir='ltr'>a</span> <span class='ocrx_word' id='word_1_54' title='bbox 279 1095 417 1179; x_wconf 75' lang='lat' dir='ltr'>,quotus</span> <span class='ocrx_word' id='word_1_55' title='bbox 440 1098 554 1179; x_wconf 84' lang='lat' dir='ltr'>tenor‘,</span> <span class='ocrx_word' id='word_1_56' title='bbox 591 1098 723 1178; x_wconf 83' lang='lat' dir='ltr'>‚torpor‘</span> <span class='ocrx_word' id='word_1_57' title='bbox 746 1116 805 1179; x_wconf 88' lang='lat' dir='ltr'>pro</span> <span class='ocrx_word' id='word_1_58' title='bbox 840 1100 954 1179; x_wconf 82' lang='lat' dir='ltr'>,tenor‘</span> <span class='ocrx_word' id='word_1_59' title='bbox 981 1097 1099 1179; x_wconf 89' lang='lat' dir='ltr'>posuit.</span> <span class='ocrx_word' id='word_1_60' title='bbox 1156 1097 1247 1181; x_wconf 80' lang='lat' dir='ltr'>Quae</span> 
     </span>
     <span class='ocr_line' id='line_1_9' title="bbox 137 1201 1245 1288; baseline -0.001 -16"><span class='ocrx_word' id='word_1_61' title='bbox 137 1203 325 1272; x_wconf 88' lang='lat' dir='ltr'>coniectura</span> <span class='ocrx_word' id='word_1_62' title='bbox 334 1221 439 1285; x_wconf 87' lang='lat' dir='ltr'>neque</span> <span class='ocrx_word' id='word_1_63' title='bbox 461 1203 630 1269; x_wconf 87' lang='lat' dir='ltr'>literarum</span> <span class='ocrx_word' id='word_1_64' title='bbox 645 1201 853 1270; x_wconf 88' lang='lat' dir='ltr'>similitudine</span> <span class='ocrx_word' id='word_1_65' title='bbox 868 1205 1002 1272; x_wconf 91' lang='lat' dir='ltr'>multum</span> <span class='ocrx_word' id='word_1_66' title='bbox 1020 1206 1186 1288; x_wconf 86' lang='lat' dir='ltr'>probatur,</span> <span class='ocrx_word' id='word_1_67' title='bbox 1203 1210 1245 1288; x_wconf 84' lang='lat' dir='ltr'>et,</span> 
     </span>
     <span class='ocr_line' id='line_1_10' title="bbox 136 1308 1246 1396; baseline -0.002 -17"><span class='ocrx_word' id='word_1_68' title='bbox 136 1310 192 1379; x_wconf 90' lang='lat' dir='ltr'>ubi</span> <span class='ocrx_word' id='word_1_69' title='bbox 215 1309 350 1377; x_wconf 77' lang='lat' dir='ltr'>Tacitus</span> <span class='ocrx_word' id='word_1_70' title='bbox 372 1309 529 1377; x_wconf 83' lang='lat' dir='ltr'>vocabulo</span> <span class='ocrx_word' id='word_1_71' title='bbox 552 1312 664 1392; x_wconf 87' lang='lat' dir='ltr'>torpor</span> <span class='ocrx_word' id='word_1_72' title='bbox 686 1328 764 1375; x_wconf 88' lang='lat' dir='ltr'>usus</span> <span class='ocrx_word' id='word_1_73' title='bbox 788 1315 848 1394; x_wconf 88' lang='lat' dir='ltr'>est,</span> <span class='ocrx_word' id='word_1_74' title='bbox 878 1311 934 1396; x_wconf 89' lang='lat' dir='ltr'>(H.</span> <span class='ocrx_word' id='word_1_75' title='bbox 958 1308 1058 1377; x_wconf 82' lang='lat'><strong>1177</strong></span> <span class='ocrx_word' id='word_1_76' title='bbox 1081 1316 1116 1377; x_wconf 91' lang='lat' dir='ltr'>et</span> <span class='ocrx_word' id='word_1_77' title='bbox 1138 1309 1180 1377; x_wconf 87' lang='grc'>99</span> <span class='ocrx_word' id='word_1_78' title='bbox 1204 1311 1246 1377; x_wconf 89' lang='lat' dir='ltr'>ci.</span> 
     </span>
     <span class='ocr_line' id='line_1_11' title="bbox 135 1413 1246 1503; baseline 0 -20"><span class='ocrx_word' id='word_1_79' title='bbox 135 1418 178 1484; x_wconf 93' lang='lat' dir='ltr'>H.</span> <span class='ocrx_word' id='word_1_80' title='bbox 201 1418 219 1484; x_wconf 96' lang='grc' dir='ltr'>Ι</span> <span class='ocrx_word' id='word_1_81' title='bbox 241 1414 294 1484; x_wconf 83' lang='lat'>71.</span> <span class='ocrx_word' id='word_1_82' title='bbox 330 1415 370 1483; x_wconf 77' lang='lat' dir='ltr'>G.</span> <span class='ocrx_word' id='word_1_83' title='bbox 395 1413 453 1503; x_wconf 87' lang='grc'>46)</span> <span class='ocrx_word' id='word_1_84' title='bbox 487 1435 551 1481; x_wconf 90' lang='lat' dir='ltr'>uon</span> <span class='ocrx_word' id='word_1_85' title='bbox 578 1415 649 1481; x_wconf 88' lang='lat' dir='ltr'>sine</span> <span class='ocrx_word' id='word_1_86' title='bbox 683 1416 822 1497; x_wconf 88' lang='lat' dir='ltr'>quadarn</span> <span class='ocrx_word' id='word_1_87' title='bbox 847 1417 1098 1498; x_wconf 88' lang='lat' dir='ltr'>reprehensione</span> <span class='ocrx_word' id='word_1_88' title='bbox 1127 1416 1246 1484; x_wconf 90' lang='lat' dir='ltr'>dictum</span> 
     </span>
     <span class='ocr_line' id='line_1_12' title="bbox 137 1521 1244 1607; baseline -0.001 -17"><span class='ocrx_word' id='word_1_89' title='bbox 137 1529 199 1607; x_wconf 85' lang='lat' dir='ltr'>est,</span> <span class='ocrx_word' id='word_1_90' title='bbox 223 1542 306 1606; x_wconf 89' lang='lat' dir='ltr'>quae</span> <span class='ocrx_word' id='word_1_91' title='bbox 328 1521 537 1605; x_wconf 87' lang='lat' dir='ltr'>reprehensio</span> <span class='ocrx_word' id='word_1_92' title='bbox 561 1524 601 1587; x_wconf 87' lang='lat' dir='ltr'>ab</span> <span class='ocrx_word' id='word_1_93' title='bbox 625 1522 777 1589; x_wconf 89' lang='lat' dir='ltr'>hocloco</span> <span class='ocrx_word' id='word_1_94' title='bbox 800 1521 1000 1590; x_wconf 86' lang='lat' dir='ltr'>alienissima</span> <span class='ocrx_word' id='word_1_95' title='bbox 1028 1528 1089 1590; x_wconf 86' lang='lat' dir='ltr'>est.</span> <span class='ocrx_word' id='word_1_96' title='bbox 1135 1524 1244 1605; x_wconf 87' lang='lat' dir='ltr'>Neque</span> 
     </span>
     <span class='ocr_line' id='line_1_13' title="bbox 138 1627 1247 1714; baseline 0 -18"><span class='ocrx_word' id='word_1_97' title='bbox 138 1630 254 1714; x_wconf 87' lang='lat' dir='ltr'>elucet,</span> <span class='ocrx_word' id='word_1_98' title='bbox 290 1629 367 1712; x_wconf 89' lang='lat' dir='ltr'>quid</span> <span class='ocrx_word' id='word_1_99' title='bbox 394 1629 526 1696; x_wconf 88' lang='lat' dir='ltr'>tandem</span> <span class='ocrx_word' id='word_1_100' title='bbox 553 1627 756 1710; x_wconf 87' lang='lat' dir='ltr'>proficiamus</span> <span class='ocrx_word' id='word_1_101' title='bbox 788 1628 845 1694; x_wconf 90' lang='lat' dir='ltr'>illa</span> <span class='ocrx_word' id='word_1_102' title='bbox 868 1630 1104 1696; x_wconf 83' lang='lat' dir='ltr'>emendatione:</span> <span class='ocrx_word' id='word_1_103' title='bbox 1138 1634 1247 1696; x_wconf 91' lang='lat' dir='ltr'>manet</span> 
     </span>
    </p>
   </div>
   <div class='ocr_carea' id='block_1_5' title="bbox 136 1734 1248 2143">
    <p class='ocr_par' dir='ltr' id='par_1_5' title="bbox 136 1734 1248 2143">
     <span class='ocr_line' id='line_1_14' title="bbox 137 1734 1246 1820; baseline -0.001 -17"><span class='ocrx_word' id='word_1_104' title='bbox 137 1737 221 1803; x_wconf 88' lang='lat' dir='ltr'>enim</span> <span class='ocrx_word' id='word_1_105' title='bbox 243 1755 308 1805; x_wconf 85' lang='lat' dir='ltr'>vox</span> <span class='ocrx_word' id='word_1_106' title='bbox 330 1736 514 1819; x_wconf 84' lang='lat' dir='ltr'>,silentium‘</span> <span class='ocrx_word' id='word_1_107' title='bbox 536 1740 612 1817; x_wconf 89' lang='lat' dir='ltr'>post</span> <span class='ocrx_word' id='word_1_108' title='bbox 634 1734 729 1818; x_wconf 84' lang='lat' dir='ltr'>‚idem</span> <span class='ocrx_word' id='word_1_109' title='bbox 743 1738 865 1818; x_wconf 87' lang='lat' dir='ltr'>torpor‘</span> <span class='ocrx_word' id='word_1_110' title='bbox 888 1756 953 1804; x_wconf 94' lang='lat' dir='ltr'>non</span> <span class='ocrx_word' id='word_1_111' title='bbox 971 1737 1075 1804; x_wconf 92' lang='lat' dir='ltr'>minus</span> <span class='ocrx_word' id='word_1_112' title='bbox 1091 1737 1246 1820; x_wconf 84' lang='lat' dir='ltr'>languida</span> 
     </span>
     <span class='ocr_line' id='line_1_15' title="bbox 137 1841 1245 1931; baseline -0.002 -20"><span class='ocrx_word' id='word_1_113' title='bbox 137 1863 232 1926; x_wconf 88' lang='lat' dir='ltr'>quam</span> <span class='ocrx_word' id='word_1_114' title='bbox 246 1847 322 1926; x_wconf 89' lang='lat' dir='ltr'>post</span> <span class='ocrx_word' id='word_1_115' title='bbox 333 1842 428 1927; x_wconf 84' lang='lat' dir='ltr'>‚idem</span> <span class='ocrx_word' id='word_1_116' title='bbox 437 1844 551 1925; x_wconf 66' lang='lat' dir='ltr'>tenor,</span> <span class='ocrx_word' id='word_1_117' title='bbox 567 1847 677 1908; x_wconf 89' lang='lat' dir='ltr'>manet</span> <span class='ocrx_word' id='word_1_118' title='bbox 689 1841 745 1928; x_wconf 89' lang='lat' dir='ltr'>(ne</span> <span class='ocrx_word' id='word_1_119' title='bbox 760 1843 864 1908; x_wconf 88' lang='lat' dir='ltr'>dicam</span> <span class='ocrx_word' id='word_1_120' title='bbox 876 1844 1245 1931; x_wconf 86' lang='lat' dir='ltr'>augetur)abundantia‚</span> 
     </span>
     <span class='ocr_line' id='line_1_16' title="bbox 137 1948 1248 2038; baseline -0.003 -20"><span class='ocrx_word' id='word_1_121' title='bbox 137 1969 201 2033; x_wconf 87' lang='lat' dir='ltr'>qua</span> <span class='ocrx_word' id='word_1_122' title='bbox 212 1951 255 2017; x_wconf 90' lang='lat' dir='ltr'>ad</span> <span class='ocrx_word' id='word_1_123' title='bbox 271 1950 466 2017; x_wconf 88' lang='lat' dir='ltr'>sententiam</span> <span class='ocrx_word' id='word_1_124' title='bbox 484 1949 612 2017; x_wconf 86' lang='lat' dir='ltr'>minime</span> <span class='ocrx_word' id='word_1_125' title='bbox 627 1967 785 2015; x_wconf 89' lang='lat' dir='ltr'>mancam:</span> <span class='ocrx_word' id='word_1_126' title='bbox 810 1948 904 2031; x_wconf 85' lang='lat' dir='ltr'>‚idem</span> <span class='ocrx_word' id='word_1_127' title='bbox 917 1949 952 2036; x_wconf 88' lang='lat' dir='ltr'>(i.</span> <span class='ocrx_word' id='word_1_128' title='bbox 966 1968 994 2016; x_wconf 89' lang='lat' dir='ltr'>e.</span> <span class='ocrx_word' id='word_1_129' title='bbox 1007 1951 1151 2038; x_wconf 86' lang='lat' dir='ltr'>quietus)</span> <span class='ocrx_word' id='word_1_130' title='bbox 1174 1955 1248 2017; x_wconf 89' lang='lat' dir='ltr'>erat</span> 
     </span>
     <span class='ocr_line' id='line_1_17' title="bbox 136 2055 1247 2143; baseline 0.001 -21"><span class='ocrx_word' id='word_1_131' title='bbox 136 2061 314 2140; x_wconf 89' lang='lat' dir='ltr'>praeturae</span> <span class='ocrx_word' id='word_1_132' title='bbox 322 2062 417 2123; x_wconf 91' lang='lat' dir='ltr'>tenor</span> <span class='ocrx_word' id='word_1_133' title='bbox 429 2055 515 2143; x_wconf 86' lang='lat' dir='ltr'>(sive</span> <span class='ocrx_word' id='word_1_134' title='bbox 527 2055 803 2142; x_wconf 87' lang='lat' dir='ltr'>torpor)‘praeter</span> <span class='ocrx_word' id='word_1_135' title='bbox 811 2056 1042 2123; x_wconf 88' lang='lat' dir='ltr'>necessitatem</span> <span class='ocrx_word' id='word_1_136' title='bbox 1051 2058 1247 2141; x_wconf 84' lang='lat' dir='ltr'>adiungitur:</span> 
     </span>
    </p>
   </div>
   <div class='ocr_carea' id='block_1_6' title="bbox 133 2161 1249 4277">
    <p class='ocr_par' dir='ltr' id='par_1_6' title="bbox 136 2161 1249 2460">
     <span class='ocr_line' id='line_1_18' title="bbox 137 2161 1248 2247; baseline 0 -18"><span class='ocrx_word' id='word_1_137' title='bbox 137 2182 187 2247; x_wconf 86' lang='lat' dir='ltr'>,ac</span> <span class='ocrx_word' id='word_1_138' title='bbox 203 2163 386 2245; x_wconf 77' lang='lat' dir='ltr'>silentium,</span> <span class='ocrx_word' id='word_1_139' title='bbox 409 2167 520 2229; x_wconf 92' lang='lat' dir='ltr'>manet</span> <span class='ocrx_word' id='word_1_140' title='bbox 542 2161 679 2244; x_wconf 85' lang='lat' dir='ltr'>denique</span> <span class='ocrx_word' id='word_1_141' title='bbox 702 2163 893 2229; x_wconf 86' lang='lat' dir='ltr'>vccabulum</span> <span class='ocrx_word' id='word_1_142' title='bbox 915 2182 979 2230; x_wconf 93' lang='lat' dir='ltr'>non</span> <span class='ocrx_word' id='word_1_143' title='bbox 998 2164 1152 2231; x_wconf 88' lang='lat' dir='ltr'>librorum</span> <span class='ocrx_word' id='word_1_144' title='bbox 1174 2182 1248 2230; x_wconf 88' lang='lat' dir='ltr'>auc·</span> 
     </span>
     <span class='ocr_line' id='line_1_19' title="bbox 136 2267 1249 2359; baseline 0.001 -22"><span class='ocrx_word' id='word_1_145' title='bbox 136 2269 272 2337; x_wconf 86' lang='lat' dir='ltr'>toritate</span> <span class='ocrx_word' id='word_1_146' title='bbox 294 2270 409 2353; x_wconf 89' lang='lat' dir='ltr'>nisum,</span> <span class='ocrx_word' id='word_1_147' title='bbox 443 2269 506 2336; x_wconf 92' lang='lat' dir='ltr'>imo</span> <span class='ocrx_word' id='word_1_148' title='bbox 530 2268 628 2336; x_wconf 92' lang='lat' dir='ltr'>etiam</span> <span class='ocrx_word' id='word_1_149' title='bbox 654 2267 818 2337; x_wconf 85' lang='lat' dir='ltr'>difficilius</span> <span class='ocrx_word' id='word_1_150' title='bbox 841 2288 937 2354; x_wconf 87' lang='lat' dir='ltr'>quarn</span> <span class='ocrx_word' id='word_1_151' title='bbox 959 2270 1097 2340; x_wconf 90' lang='lat' dir='ltr'>alterum</span> <span class='ocrx_word' id='word_1_152' title='bbox 1124 2269 1249 2359; x_wconf 76' lang='lat' dir='ltr'>(tenor)</span> 
     </span>
     <span class='ocr_line' id='line_1_20' title="bbox 137 2376 992 2460; baseline 0.002 -16"><span class='ocrx_word' id='word_1_153' title='bbox 137 2397 178 2446; x_wconf 86' lang='lat' dir='ltr'>ex</span> <span class='ocrx_word' id='word_1_154' title='bbox 200 2378 369 2446; x_wconf 85' lang='lat' dir='ltr'>literarum</span> <span class='ocrx_word' id='word_1_155' title='bbox 391 2395 474 2460; x_wconf 84' lang='lat' dir='ltr'>quae</span> <span class='ocrx_word' id='word_1_156' title='bbox 497 2381 613 2444; x_wconf 84' lang='lat' dir='ltr'>extant</span> <span class='ocrx_word' id='word_1_157' title='bbox 634 2376 784 2444; x_wconf 87' lang='lat' dir='ltr'>ductibus</span> <span class='ocrx_word' id='word_1_158' title='bbox 808 2379 992 2446; x_wconf 90' lang='lat' dir='ltr'>eruendum.</span> 
     </span>
    </p>

    <p class='ocr_par' dir='ltr' id='par_1_7' title="bbox 133 2483 1249 4277">
     <span class='ocr_line' id='line_1_21' title="bbox 234 2483 1249 2568; baseline 0 -17"><span class='ocrx_word' id='word_1_159' title='bbox 234 2485 342 2568; x_wconf 81' lang='lat' dir='ltr'>Atque</span> <span class='ocrx_word' id='word_1_160' title='bbox 368 2485 450 2553; x_wconf 92' lang='lat' dir='ltr'>haec</span> <span class='ocrx_word' id='word_1_161' title='bbox 477 2483 605 2566; x_wconf 90' lang='lat' dir='ltr'>quidem</span> <span class='ocrx_word' id='word_1_162' title='bbox 641 2484 816 2565; x_wconf 82' lang='lat' dir='ltr'>haetenus3</span> <span class='ocrx_word' id='word_1_163' title='bbox 843 2484 908 2550; x_wconf 90' lang='lat' dir='ltr'>iam</span> <span class='ocrx_word' id='word_1_164' title='bbox 935 2484 978 2550; x_wconf 93' lang='lat' dir='ltr'>ad</span> <span class='ocrx_word' id='word_1_165' title='bbox 1005 2484 1249 2552; x_wconf 79' lang='lat' dir='ltr'>Germaniam</span> 
     </span>
     <span class='ocr_line' id='line_1_22' title="bbox 137 2590 1248 2676; baseline -0.002 -18"><span class='ocrx_word' id='word_1_166' title='bbox 137 2590 340 2676; x_wconf 78' lang='lat' dir='ltr'>accedamus,</span> <span class='ocrx_word' id='word_1_167' title='bbox 376 2590 432 2658; x_wconf 92' lang='lat' dir='ltr'>ubi</span> <span class='ocrx_word' id='word_1_168' title='bbox 459 2609 648 2674; x_wconf 86' lang='lat' dir='ltr'>synonyma,</span> <span class='ocrx_word' id='word_1_169' title='bbox 683 2609 817 2672; x_wconf 87' lang='lat' dir='ltr'>quorum</span> <span class='ocrx_word' id='word_1_170' title='bbox 850 2590 953 2657; x_wconf 83' lang='lat' dir='ltr'>altero</span> <span class='ocrx_word' id='word_1_171' title='bbox 987 2591 1124 2658; x_wconf 89' lang='lat' dir='ltr'>alterius</span> <span class='ocrx_word' id='word_1_172' title='bbox 1157 2591 1248 2658; x_wconf 92' lang='lat' dir='ltr'>notio</span> 
     </span>
     <span class='ocr_line' id='line_1_23' title="bbox 140 2695 1246 2781; baseline -0.002 -16"><span class='ocrx_word' id='word_1_173' title='bbox 140 2698 317 2781; x_wconf 88' lang='lat' dir='ltr'>paullulum</span> <span class='ocrx_word' id='word_1_174' title='bbox 349 2697 537 2765; x_wconf 86' lang='lat' dir='ltr'>immutatur</span> <span class='ocrx_word' id='word_1_175' title='bbox 564 2700 623 2763; x_wconf 88' lang='lat' dir='ltr'>aut</span> <span class='ocrx_word' id='word_1_176' title='bbox 654 2697 847 2780; x_wconf 87' lang='lat' dir='ltr'>illustratur,</span> <span class='ocrx_word' id='word_1_177' title='bbox 887 2698 1106 2779; x_wconf 89' lang='lat' dir='ltr'>reperiuntur:</span> <span class='ocrx_word' id='word_1_178' title='bbox 1146 2697 1186 2765; x_wconf 77' lang='lat' dir='ltr'>G.</span> <span class='ocrx_word' id='word_1_179' title='bbox 1211 2695 1246 2763; x_wconf 77' lang='lat'>2:</span> 
     </span>
     <span class='ocr_line' id='line_1_24' title="bbox 136 2802 1249 2890; baseline -0.002 -19"><span class='ocrx_word' id='word_1_180' title='bbox 136 2809 303 2872; x_wconf 80' lang='lat' dir='ltr'>raemoriae</span> <span class='ocrx_word' id='word_1_181' title='bbox 338 2815 367 2872; x_wconf 86' lang='lat' dir='ltr'>et</span> <span class='ocrx_word' id='word_1_182' title='bbox 393 2806 568 2888; x_wconf 77' lang='lat' dir='ltr'>enucliare,</span> <span class='ocrx_word' id='word_1_183' title='bbox 599 2802 680 2869; x_wconf 89' lang='lat' dir='ltr'>ibid:</span> <span class='ocrx_word' id='word_1_184' title='bbox 715 2807 868 2890; x_wconf 74' lang='lat' dir='ltr'>ortqiaern</span> <span class='ocrx_word' id='word_1_185' title='bbox 894 2808 995 2890; x_wconf 74' lang='lat' dir='ltr'>peratis</span> <span class='ocrx_word' id='word_1_186' title='bbox 1018 2806 1249 2890; x_wconf 74' lang='lat' dir='ltr'>conditoresque</span> 
     </span>
     <span class='ocr_line' id='line_1_25' title="bbox 137 2909 1249 2998; baseline -0.003 -19"><span class='ocrx_word' id='word_1_187' title='bbox 137 2910 194 2997; x_wconf 86' lang='lat' dir='ltr'>(cf.</span> <span class='ocrx_word' id='word_1_188' title='bbox 209 2912 252 2979; x_wconf 91' lang='lat' dir='ltr'>H.</span> <span class='ocrx_word' id='word_1_189' title='bbox 268 2909 345 2978; x_wconf 83' lang='lat'>184</span> <span class='ocrx_word' id='word_1_190' title='bbox 367 2934 388 2977; x_wconf 86' lang='lat' dir='ltr'>c</span> <span class='ocrx_word' id='word_1_191' title='bbox 398 2919 532 2997; x_wconf 78' lang='lat' dir='ltr'>porrecte</span> <span class='ocrx_word' id='word_1_192' title='bbox 555 2919 583 2976; x_wconf 80' lang='lat' dir='ltr'>et</span> <span class='ocrx_word' id='word_1_193' title='bbox 605 2911 763 2977; x_wconf 78' lang='lat' dir='ltr'>conditore</span> <span class='ocrx_word' id='word_1_194' title='bbox 777 2910 865 2976; x_wconf 82' lang='lat' dir='ltr'>erbis</span> <span class='ocrx_word' id='word_1_195' title='bbox 882 2910 970 2998; x_wconf 80' lang='lat' dir='ltr'>(om).</span> <span class='ocrx_word' id='word_1_196' title='bbox 1016 2910 1056 2978; x_wconf 80' lang='lat' dir='ltr'>G.</span> <span class='ocrx_word' id='word_1_197' title='bbox 1073 2910 1107 2976; x_wconf 84' lang='lat'>4:</span> <span class='ocrx_word' id='word_1_198' title='bbox 1131 2911 1249 2977; x_wconf 80' lang='lat' dir='ltr'>loboris</span> 
     </span>
     <span class='ocr_line' id='line_1_26' title="bbox 136 3016 1249 3106; baseline -0.001 -23"><span class='ocrx_word' id='word_1_199' title='bbox 136 3023 228 3106; x_wconf 82' lang='lat' dir='ltr'>atque</span> <span class='ocrx_word' id='word_1_200' title='bbox 250 3040 379 3105; x_wconf 81' lang='lat' dir='ltr'>operam</span> <span class='ocrx_word' id='word_1_201' title='bbox 400 3041 464 3085; x_wconf 83' lang='lat' dir='ltr'>aaa</span> <span class='ocrx_word' id='word_1_202' title='bbox 488 3019 593 3085; x_wconf 83' lang='lat' dir='ltr'>eodem</span> <span class='ocrx_word' id='word_1_203' title='bbox 611 3021 770 3104; x_wconf 76' lang='lat' dir='ltr'>patieutis</span> <span class='ocrx_word' id='word_1_204' title='bbox 794 3017 889 3104; x_wconf 90' lang='lat' dir='ltr'>(haec</span> <span class='ocrx_word' id='word_1_205' title='bbox 911 3019 1014 3086; x_wconf 83' lang='lat' dir='ltr'>verba</span> <span class='ocrx_word' id='word_1_206' title='bbox 1029 3018 1058 3084; x_wconf 92' lang='lat' dir='ltr'>si</span> <span class='ocrx_word' id='word_1_207' title='bbox 1072 3016 1121 3083; x_wconf 83' lang='lat' dir='ltr'>ite</span> <span class='ocrx_word' id='word_1_208' title='bbox 1136 3021 1249 3084; x_wconf 86' lang='lat' dir='ltr'>essent</span> 
     </span>
     <span class='ocr_line' id='line_1_27' title="bbox 135 3124 1248 3210; baseline -0.001 -19"><span class='ocrx_word' id='word_1_209' title='bbox 135 3126 365 3210; x_wconf 84' lang='lat' dir='ltr'>intellegenda,</span> <span class='ocrx_word' id='word_1_210' title='bbox 388 3130 427 3194; x_wconf 93' lang='lat' dir='ltr'>ut</span> <span class='ocrx_word' id='word_1_211' title='bbox 448 3126 541 3193; x_wconf 87' lang='lat' dir='ltr'>labor</span> <span class='ocrx_word' id='word_1_212' title='bbox 563 3124 765 3209; x_wconf 80' lang='lat' dir='ltr'>significaret</span> <span class='ocrx_word' id='word_1_213' title='bbox 785 3126 929 3192; x_wconf 90' lang='lat' dir='ltr'>laborem</span> <span class='ocrx_word' id='word_1_214' title='bbox 955 3124 1119 3206; x_wconf 84' lang='lat' dir='ltr'>rusticum,</span> <span class='ocrx_word' id='word_1_215' title='bbox 1149 3142 1248 3206; x_wconf 86' lang='lat' dir='ltr'>opera</span> 
     </span>
     <span class='ocr_line' id='line_1_28' title="bbox 137 3231 1248 3317; baseline -0.002 -18"><span class='ocrx_word' id='word_1_216' title='bbox 137 3237 252 3300; x_wconf 85' lang='lat' dir='ltr'>contro</span> <span class='ocrx_word' id='word_1_217' title='bbox 275 3252 323 3317; x_wconf 88' lang='lat' dir='ltr'>ea,</span> <span class='ocrx_word' id='word_1_218' title='bbox 348 3251 431 3316; x_wconf 89' lang='lat' dir='ltr'>quae</span> <span class='ocrx_word' id='word_1_219' title='bbox 454 3231 488 3298; x_wconf 89' lang='lat' dir='ltr'>in</span> <span class='ocrx_word' id='word_1_220' title='bbox 509 3232 605 3298; x_wconf 82' lang='lat' dir='ltr'>beffis</span> <span class='ocrx_word' id='word_1_221' title='bbox 619 3232 821 3314; x_wconf 86' lang='lat' dir='ltr'>praestanda</span> <span class='ocrx_word' id='word_1_222' title='bbox 843 3236 928 3316; x_wconf 85' lang='lat' dir='ltr'>sunt,</span> <span class='ocrx_word' id='word_1_223' title='bbox 951 3250 1066 3313; x_wconf 85' lang='lat' dir='ltr'>pamm</span> <span class='ocrx_word' id='word_1_224' title='bbox 1088 3236 1165 3312; x_wconf 86' lang='lat' dir='ltr'>apte</span> <span class='ocrx_word' id='word_1_225' title='bbox 1187 3232 1248 3297; x_wconf 91' lang='lat' dir='ltr'>hoc</span> 
     </span>
     <span class='ocr_line' id='line_1_29' title="bbox 134 3337 1247 3422; baseline -0.004 -16"><span class='ocrx_word' id='word_1_226' title='bbox 134 3340 169 3406; x_wconf 94' lang='lat' dir='ltr'>in</span> <span class='ocrx_word' id='word_1_227' title='bbox 190 3358 322 3406; x_wconf 88' lang='lat' dir='ltr'>numero</span> <span class='ocrx_word' id='word_1_228' title='bbox 345 3340 553 3407; x_wconf 87' lang='lat' dir='ltr'>haberentur.</span> <span class='ocrx_word' id='word_1_229' title='bbox 589 3338 654 3403; x_wconf 81' lang='lat' dir='ltr'>Sed</span> <span class='ocrx_word' id='word_1_230' title='bbox 676 3357 717 3404; x_wconf 84' lang='lat' dir='ltr'>ex</span> <span class='ocrx_word' id='word_1_231' title='bbox 740 3337 819 3404; x_wconf 91' lang='lat' dir='ltr'>locis</span> <span class='ocrx_word' id='word_1_232' title='bbox 842 3337 1014 3422; x_wconf 85' lang='lat' dir='ltr'>aKritzio‚</span> <span class='ocrx_word' id='word_1_233' title='bbox 1031 3338 1124 3404; x_wconf 88' lang='lat' dir='ltr'>huius</span> <span class='ocrx_word' id='word_1_234' title='bbox 1146 3337 1247 3403; x_wconf 90' lang='lat' dir='ltr'>inter-</span> 
     </span>
     <span class='ocr_line' id='line_1_30' title="bbox 134 3440 1247 3531; baseline -0.001 -21"><span class='ocrx_word' id='word_1_235' title='bbox 134 3446 332 3529; x_wconf 87' lang='lat' dir='ltr'>pretationis</span> <span class='ocrx_word' id='word_1_236' title='bbox 355 3451 496 3529; x_wconf 87' lang='lat' dir='ltr'>auctore,</span> <span class='ocrx_word' id='word_1_237' title='bbox 521 3444 630 3511; x_wconf 89' lang='lat' dir='ltr'>allatis</span> <span class='ocrx_word' id='word_1_238' title='bbox 655 3443 709 3530; x_wconf 81' lang='lat' dir='ltr'>(G.</span> <span class='ocrx_word' id='word_1_239' title='bbox 733 3440 786 3509; x_wconf 87' lang='grc'>26.</span> <span class='ocrx_word' id='word_1_240' title='bbox 812 3441 864 3509; x_wconf 87' lang='grc'>46.</span> <span class='ocrx_word' id='word_1_241' title='bbox 882 3445 959 3511; x_wconf 83' lang='lat' dir='ltr'>Sall.</span> <span class='ocrx_word' id='word_1_242' title='bbox 984 3444 1056 3510; x_wconf 80' lang='lat' dir='ltr'>Cat.</span> <span class='ocrx_word' id='word_1_243' title='bbox 1074 3441 1164 3531; x_wconf 83' lang='lat'><strong>37,7)</strong></span> <span class='ocrx_word' id='word_1_244' title='bbox 1186 3444 1247 3509; x_wconf 89' lang='lat' dir='ltr'>hoo</span> 
     </span>
     <span class='ocr_line' id='line_1_31' title="bbox 134 3549 1243 3637; baseline -0.004 -17"><span class='ocrx_word' id='word_1_245' title='bbox 134 3557 261 3621; x_wconf 88' lang='lat' dir='ltr'>tantum</span> <span class='ocrx_word' id='word_1_246' title='bbox 283 3553 403 3637; x_wconf 86' lang='lat' dir='ltr'>elucet,</span> <span class='ocrx_word' id='word_1_247' title='bbox 427 3571 492 3618; x_wconf 94' lang='lat' dir='ltr'>non</span> <span class='ocrx_word' id='word_1_248' title='bbox 519 3552 635 3617; x_wconf 91' lang='lat' dir='ltr'>abesse</span> <span class='ocrx_word' id='word_1_249' title='bbox 661 3549 751 3616; x_wconf 90' lang='lat' dir='ltr'>illam</span> <span class='ocrx_word' id='word_1_250' title='bbox 777 3551 940 3618; x_wconf 90' lang='lat' dir='ltr'>notionem</span> <span class='ocrx_word' id='word_1_251' title='bbox 967 3569 1090 3619; x_wconf 83' lang='lat' dir='ltr'>ovoce</span> <span class='ocrx_word' id='word_1_252' title='bbox 1112 3550 1243 3633; x_wconf 83' lang='lat' dir='ltr'>laboris,</span> 
     </span>
     <span class='ocr_line' id='line_1_32' title="bbox 135 3656 1246 3744; baseline -0.004 -17"><span class='ocrx_word' id='word_1_253' title='bbox 135 3658 195 3727; x_wconf 91' lang='lat' dir='ltr'>sed</span> <span class='ocrx_word' id='word_1_254' title='bbox 217 3679 282 3728; x_wconf 91' lang='lat' dir='ltr'>non</span> <span class='ocrx_word' id='word_1_255' title='bbox 304 3664 451 3744; x_wconf 89' lang='lat' dir='ltr'>apparet,</span> <span class='ocrx_word' id='word_1_256' title='bbox 474 3659 535 3724; x_wconf 93' lang='lat' dir='ltr'>hoc</span> <span class='ocrx_word' id='word_1_257' title='bbox 557 3657 628 3725; x_wconf 91' lang='lat' dir='ltr'>loco</span> <span class='ocrx_word' id='word_1_258' title='bbox 651 3675 723 3723; x_wconf 91' lang='lat' dir='ltr'>eam</span> <span class='ocrx_word' id='word_1_259' title='bbox 744 3657 792 3723; x_wconf 91' lang='lat' dir='ltr'>illi</span> <span class='ocrx_word' id='word_1_260' title='bbox 815 3657 888 3726; x_wconf 86' lang='lat' dir='ltr'>vooi</span> <span class='ocrx_word' id='word_1_261' title='bbox 902 3658 1011 3724; x_wconf 88' lang='lat' dir='ltr'>inesse</span> <span class='ocrx_word' id='word_1_262' title='bbox 1027 3657 1137 3724; x_wconf 88' lang='lat' dir='ltr'>solam.</span> <span class='ocrx_word' id='word_1_263' title='bbox 1166 3656 1246 3723; x_wconf 77' lang='lat' dir='ltr'>Gon·</span> 
     </span>
     <span class='ocr_line' id='line_1_33' title="bbox 134 3762 1246 3851; baseline -0.004 -18"><span class='ocrx_word' id='word_1_264' title='bbox 134 3767 224 3834; x_wconf 85' lang='lat' dir='ltr'>feras</span> <span class='ocrx_word' id='word_1_265' title='bbox 246 3766 345 3840; x_wconf 82' lang='lat' dir='ltr'>velim</span> <span class='ocrx_word' id='word_1_266' title='bbox 366 3767 408 3832; x_wconf 93' lang='lat' dir='ltr'>H.</span> <span class='ocrx_word' id='word_1_267' title='bbox 432 3765 463 3831; x_wconf 88' lang='lat' dir='ltr'>V</span> <span class='ocrx_word' id='word_1_268' title='bbox 486 3762 529 3830; x_wconf 84' lang='lat'>12</span> <span class='ocrx_word' id='word_1_269' title='bbox 566 3765 715 3849; x_wconf 82' lang='lat' dir='ltr'>templum</span> <span class='ocrx_word' id='word_1_270' title='bbox 741 3768 777 3830; x_wconf 85' lang='lat' dir='ltr'>r’rr</span> <span class='ocrx_word' id='word_1_271' title='bbox 803 3766 929 3830; x_wconf 73' lang='lat' dir='ltr'>cadum</span> <span class='ocrx_word' id='word_1_272' title='bbox 955 3766 1040 3830; x_wconf 83' lang='lat' dir='ltr'>orcis</span> <span class='ocrx_word' id='word_1_273' title='bbox 1057 3766 1246 3851; x_wconf 78' lang='lat' dir='ltr'>propriique</span> 
     </span>
     <span class='ocr_line' id='line_1_34' title="bbox 133 3869 1247 3961; baseline -0.003 -22"><span class='ocrx_word' id='word_1_274' title='bbox 133 3877 232 3961; x_wconf 74' lang='lat' dir='ltr'>mari,</span> <span class='ocrx_word' id='word_1_275' title='bbox 267 3873 371 3939; x_wconf 84' lang='lat' dir='ltr'>labore</span> <span class='ocrx_word' id='word_1_276' title='bbox 405 3880 434 3937; x_wconf 81' lang='lat' dir='ltr'>et</span> <span class='ocrx_word' id='word_1_277' title='bbox 461 3892 551 3955; x_wconf 84' lang='lat' dir='ltr'>opere</span> <span class='ocrx_word' id='word_1_278' title='bbox 578 3880 650 3937; x_wconf 81' lang='lat' dir='ltr'>erate</span> <span class='ocrx_word' id='word_1_279' title='bbox 677 3874 766 3938; x_wconf 80' lang='lat' dir='ltr'>elica.</span> <span class='ocrx_word' id='word_1_280' title='bbox 816 3872 858 3937; x_wconf 90' lang='lat' dir='ltr'>H.</span> <span class='ocrx_word' id='word_1_281' title='bbox 882 3871 935 3937; x_wconf 92' lang='grc' dir='ltr'>ΙΠ</span> <span class='ocrx_word' id='word_1_282' title='bbox 959 3869 999 3936; x_wconf 93' lang='grc'><strong>11</strong></span> <span class='ocrx_word' id='word_1_283' title='bbox 1028 3874 1161 3960; x_wconf 73' lang='lat' dir='ltr'>deplores</span> <span class='ocrx_word' id='word_1_284' title='bbox 1182 3892 1247 3936; x_wconf 78' lang='lat' dir='ltr'>raca</span> 
     </span>
     <span class='ocr_line' id='line_1_35' title="bbox 134 3975 1245 4063; baseline -0.001 -19"><span class='ocrx_word' id='word_1_285' title='bbox 134 3981 238 4045; x_wconf 85' lang='lat' dir='ltr'>labore</span> <span class='ocrx_word' id='word_1_286' title='bbox 261 3988 290 4046; x_wconf 79' lang='lat' dir='ltr'>et</span> <span class='ocrx_word' id='word_1_287' title='bbox 312 3998 402 4062; x_wconf 85' lang='lat' dir='ltr'>opere</span> <span class='ocrx_word' id='word_1_288' title='bbox 418 3979 535 4062; x_wconf 80' lang='lat' dir='ltr'>fessae.</span> <span class='ocrx_word' id='word_1_289' title='bbox 581 3977 621 4045; x_wconf 82' lang='lat' dir='ltr'>A.</span> <span class='ocrx_word' id='word_1_290' title='bbox 644 3975 729 4045; x_wconf 82' lang='lat'>120</span> <span class='ocrx_word' id='word_1_291' title='bbox 752 3983 1022 4063; x_wconf 71' lang='lat' dir='ltr'>cetrmcperr&#39;sac</span> <span class='ocrx_word' id='word_1_292' title='bbox 1045 3979 1170 4044; x_wconf 83' lang='lat' dir='ltr'>loboris.</span> <span class='ocrx_word' id='word_1_293' title='bbox 1204 3977 1245 4043; x_wconf 83' lang='lat' dir='ltr'>A.</span> 
     </span>
     <span class='ocr_line' id='line_1_36' title="bbox 133 4081 1246 4173; baseline -0.001 -22"><span class='ocrx_word' id='word_1_294' title='bbox 133 4084 185 4151; x_wconf 90' lang='lat' dir='ltr'>XI</span> <span class='ocrx_word' id='word_1_295' title='bbox 208 4081 250 4150; x_wconf 89' lang='lat'>18</span> <span class='ocrx_word' id='word_1_296' title='bbox 274 4086 407 4169; x_wconf 75' lang='lat' dir='ltr'>lepicoes</span> <span class='ocrx_word' id='word_1_297' title='bbox 429 4103 558 4166; x_wconf 82' lang='lat' dir='ltr'>operam</span> <span class='ocrx_word' id='word_1_298' title='bbox 579 4106 616 4149; x_wconf 86' lang='lat' dir='ltr'>ac</span> <span class='ocrx_word' id='word_1_299' title='bbox 631 4086 749 4151; x_wconf 81' lang='lat' dir='ltr'>laboris</span> <span class='ocrx_word' id='word_1_300' title='bbox 763 4089 904 4173; x_wconf 69' lang='lat' dir='ltr'>lynceos.</span> <span class='ocrx_word' id='word_1_301' title='bbox 949 4085 1002 4151; x_wconf 85' lang='lat' dir='ltr'>En</span> <span class='ocrx_word' id='word_1_302' title='bbox 1016 4086 1117 4152; x_wconf 85' lang='lat' dir='ltr'>habes</span> <span class='ocrx_word' id='word_1_303' title='bbox 1133 4085 1246 4151; x_wconf 86' lang='lat' dir='ltr'>eadem</span> 
     </span>
     <span class='ocr_line' id='line_1_37' title="bbox 134 4187 1245 4277; baseline 0.003 -23"><span class='ocrx_word' id='word_1_304' title='bbox 134 4190 294 4256; x_wconf 86' lang='lat' dir='ltr'>vocabula</span> <span class='ocrx_word' id='word_1_305' title='bbox 316 4187 428 4254; x_wconf 89' lang='lat' dir='ltr'>eodem</span> <span class='ocrx_word' id='word_1_306' title='bbox 455 4187 547 4255; x_wconf 92' lang='lat' dir='ltr'>modo</span> <span class='ocrx_word' id='word_1_307' title='bbox 576 4192 740 4275; x_wconf 86' lang='lat' dir='ltr'>copulata,</span> <span class='ocrx_word' id='word_1_308' title='bbox 776 4210 880 4274; x_wconf 89' lang='lat' dir='ltr'>neque</span> <span class='ocrx_word' id='word_1_309' title='bbox 908 4191 1074 4277; x_wconf 87' lang='lat' dir='ltr'>continget</span> <span class='ocrx_word' id='word_1_310' title='bbox 1099 4191 1174 4276; x_wconf 89' lang='lat' dir='ltr'>tibi,</span> <span class='ocrx_word' id='word_1_311' title='bbox 1208 4195 1245 4258; x_wconf 89' lang='lat' dir='ltr'>ut</span> 
     </span>
    </p>
   </div>
   <div class='ocr_carea' id='block_1_7' title="bbox 0 0 1476 4625">
    <p class='ocr_par' dir='ltr' id='par_1_8' title="bbox 0 0 1476 4625">
     <span class='ocr_line' id='line_1_38' title="bbox 0 0 1476 4625; baseline 0 0"><span class='ocrx_word' id='word_1_312' title='bbox 0 0 1476 4625; x_wconf 95' lang='lat' dir='ltr'> </span> 
     </span>
    </p>
   </div>
  </div>
 </body>
</html>
