2942 4625
716 279 758 342 25

168 461 311 527 adnotet
342 457 557 522 Andresenus:
597 461 719 521 veteres
757 458 825 522 sind
862 456 972 533 Lente,
1008 457 1058 521 die
1092 457 1142 521 ein
1168 457 1299 536 michee,

169 590 266 633 senes
302 566 351 630 die
385 565 437 630 ein
471 567 583 651 langes
617 563 725 630 Lebcn
759 565 869 629 hinter
903 563 971 629 sich
1000 564 1122 643 haben,
1153 566 1301 650 argutius

171 696 272 759 quam
298 674 402 737 verius
424 672 564 756 positum
588 694 654 737 esse
678 672 758 736 mihi
781 672 917 749 ridetur,
941 674 1056 737 vellem
1079 675 1166 740 certe
1192 672 1301 736 allatis

176 781 329 866 exemplis
369 780 452 844 hanc
490 779 655 844 notionum
700 780 919 845 diversitatem
958 779 1126 845 firmasset.
1190 777 1301 864 Neque

179 889 331 954 maiorem
354 885 617 971 probabilitatem
641 887 784 952 tribuere
807 909 934 971 possum
954 887 1060 952 Peteri
1083 888 1222 965 invento,
1246 889 1302 971 qui

176 995 339 1060 hominem
363 997 503 1059 veterem
529 992 651 1058 homini
675 1016 766 1073 novo,
790 995 846 1078 qui
868 996 997 1080 proprie
1021 995 1148 1073 dicitur,
1184 994 1302 1078 opponi

173 1105 302 1183 censet3
324 1101 415 1185 atqui
427 1101 494 1185 ipse
524 1101 606 1166 hano
631 1101 715 1165 vocis
740 1107 855 1179 ‚vetus‘
880 1100 1150 1186 significationem
1174 1101 1302 1167 aliunde

172 1209 334 1273 illustrari
356 1229 421 1273 non
444 1228 536 1293 posse
558 1208 692 1273 fatetur.
739 1206 841 1282 Quam
869 1231 941 1274 cum
964 1212 1110 1290 poneret,
1139 1231 1176 1275 ea
1203 1210 1303 1274 ratio·

177 1317 337 1383 cinctione
374 1315 489 1381 ductus
523 1319 582 1393 est,
621 1337 685 1398 qua
723 1316 876 1381 vocabulo
913 1320 1034 1394 ‚vetus‘‚
1068 1317 1123 1381 ubi
1161 1320 1300 1382 aetatem

178 1423 348 1506 exprimat,
378 1421 465 1508 (raro
494 1427 601 1488 autem
625 1425 672 1488 ita
706 1424 864 1509 obvenit)
893 1426 1090 1488 senectutem
1121 1422 1214 1487 annis
1238 1424 1300 1486 iam

176 1529 355 1596 confectam
389 1528 564 1614 significari
598 1531 793 1607 arbitratum
829 1531 920 1615 quasi
950 1552 1026 1595 voce
1056 1535 1181 1609 ‚senex‘‚
1206 1552 1303 1615 quam

176 1660 244 1703 non
268 1637 367 1716 tollit,
391 1658 453 1700 non
489 1637 598 1700 eadem
634 1636 722 1701 notio
757 1637 791 1701 in
828 1639 1022 1704 sententiam
1051 1636 1163 1704 inferri
1192 1636 1303 1721 possit.

179 1744 243 1810 Sed
267 1766 386 1823 vereor,
421 1746 459 1809 ut
493 1743 599 1808 minus
632 1743 808 1809 difficulter
842 1746 920 1811 baec
955 1747 1043 1812 illius
1078 1746 1162 1811 vocis
1197 1744 1244 1808 vis
1266 1768 1304 1809 ex

177 1854 374 1936 scriptorum
398 1873 457 1917 usu
481 1851 717 1935 comprobanda
741 1852 784 1918 sit
807 1876 904 1938 quam
926 1853 1039 1934 altera,
1070 1875 1165 1938 quom
1195 1852 1224 1917 ei
1247 1856 1304 1917 ob-

179 1962 312 2027 trudere
335 1962 415 2026 vult.
461 1959 584 2043 Itaque,
609 1960 636 2023 si
659 1960 735 2053 quid
758 1960 912 2027 interesse
939 1963 1085 2028 volumus
1113 1962 1197 2026 iuter
1226 1961 1305 2025 haec

176 2067 350 2147 voeabula,
385 2089 423 2131 ea
452 2067 638 2131 definitione
666 2068 919 2151 acquiescamus,
944 2093 1039 2156 quam
1064 2066 1303 2154 Doederlinus¹)

177 2176 331 2262 protulit,
367 2179 404 2239 ut
433 2177 526 2239 vetus
549 2174 643 2239 homo
667 2176 718 2253 sit,
749 2178 805 2259 qui
828 2177 882 2241 diu
906 2178 997 2257 vixit,
1033 2200 1138 2258 senex,
1173 2176 1229 2261 qui
1263 2177 1304 2240 ob

177 2285 315 2369 longam
338 2287 476 2350 aetatem
501 2284 691 2349 venerabilis
715 2287 774 2351 est.

270 2392 470 2478 Quamquam
495 2390 613 2468 fateor,
642 2415 693 2455 me
721 2396 905 2476 proniorem
936 2395 1058 2459 esseio
1082 2416 1152 2460 eam
1177 2397 1306 2458 seuten-

178 2504 273 2579 tiam,
297 2505 335 2565 ut
358 2498 505 2566 Tacitum
527 2499 578 2564 his
600 2499 723 2564 duobus
754 2502 915 2566 vocabulis
944 2503 1107 2567 notionem
1131 2502 1306 2587 exprimere

179 2615 326 2674 statuam
360 2629 467 2686 uuam,
503 2628 584 2691 quae
611 2608 802 2691 respondeat
830 2608 985 2693 superiori
1014 2609 1057 2694 (v.
1082 2609 1146 2698 9.):
1183 2612 1233 2690 ‚ad
1256 2611 1306 2673 iu-

180 2720 322 2793 venem‘;
356 2716 439 2781 sicut
473 2714 558 2778 enim
592 2714 766 2797 locupletes
794 2738 831 2781 ao
859 2721 1007 2801 potentes
1029 2718 1138 2783 venire
1166 2716 1243 2780 dicit
1267 2716 1307 2780 ad

179 2831 343 2891 oratorem
376 2843 563 2908 pauperem,
598 2821 645 2885 ite
679 2822 764 2887 haud
798 2824 908 2909 inepte
942 2827 982 2890 ad
1020 2826 1166 2890 iuvenem
1203 2824 1307 2889 dicere

182 2936 294 3021 potest
317 2932 425 2997 venire
452 2951 550 2994 senes.
598 2927 706 3011 Atque
736 2950 834 3011 quam
864 2931 1075 2997 Doederlinus
1108 2931 1178 2995 voci
1212 2952 1308 2994 senex

180 3040 302 3107 tribuit
325 3038 381 3118 vis,
417 3059 488 3103 cum
522 3036 649 3115 disertis
679 3036 786 3101 verbis
812 3039 847 3103 in
875 3038 1094 3122 sequentibus:
1129 3042 1173 3116 ‚et
1207 3037 1308 3102 totius

180 3150 272 3216 orbis
296 3148 403 3235 gratia
427 3146 587 3210 subnixos*
610 3144 645 3208 in
669 3145 863 3209 sententiam
891 3146 1060 3224 inferatur,
1095 3147 1199 3212 vitata
1223 3145 1308 3211 Cha-

184 3256 281 3342 rybdi
315 3257 347 3320 in
372 3252 514 3337 Scyllam
537 3250 712 3331 incidimus,
748 3253 822 3334 quia
857 3255 941 3319 inter
965 3257 1108 3334 ‚veteres‘
1137 3256 1170 3316 et
1199 3258 1307 3330 ‚seues‘

182 3363 388 3430 ostendentes
411 3360 578 3426 discrimen
602 3358 688 3423 inter
712 3367 823 3438 ,senes‘
849 3363 894 3447 (h.
920 3384 947 3429 e.
972 3361 1116 3427 homines
1145 3362 1308 3424 senectute

182 3469 397 3555 venerandos)
421 3471 454 3532 et
479 3465 596 3553 ‚gratia
619 3466 782 3554 subnixos‘
807 3471 1003 3536 sustulimus.

275 3577 345 3654 Qua
381 3577 458 3643 data
492 3572 653 3640 occasione
692 3575 830 3659 reliquos
868 3578 962 3656 locos,
1002 3578 1057 3643 ubi
1087 3579 1198 3655 ‚vetus‘
1236 3597 1307 3639 cum

185 3686 284 3752 simili
308 3685 464 3750 adiectivo
487 3682 690 3748 coniunctum
714 3680 886 3765 invenitur,
911 3686 963 3751 hic
985 3686 1084 3750 oculis
1108 3683 1275 3748 subiciam:

278 3793 353 3860 dial.
382 3791 433 3869 15,
466 3795 493 3857 1.
518 3814 579 3861 non
608 3799 729 3871 desinis,
765 3805 899 3859 cetero
931 3806 959 3859 et
994 3796 1152 3876 uertique
1190 3795 1308 3855 nrircrt·

188 3904 241 3982 16,
268 3902 311 3967 36
336 3923 422 3985 quem
445 3923 499 3967 cos
523 3915 685 3968 veterem
708 3912 739 3966 et
773 3913 965 3985 antequam
993 3905 1115 3985 finpitc‘s.
1148 3898 1200 3983 (of.
1226 3899 1308 3962 Plin.

185 4067 260 4074 „a
278 4067 333 4072 ---.
349 4068 356 4071 ,

261 4153 284 4217 ¹)
310 4152 489 4207 Lateinische
519 4151 677 4223 Synonyme
718 4154 774 4207 und
807 4153 1030 4223 Etymologieen.
1083 4151 1199 4221 Leipzig
1233 4151 1309 4206 1827.

187 4243 244 4299 vol.
263 4242 303 4298 IV
322 4260 348 4311 p.
368 4243 411 4297 89.
