2942 4625
663 221 705 291 54

120 400 330 470 variarentur
363 399 507 468 eiusdem
529 399 587 485 rei,
620 402 694 483 plus
718 402 819 468 semel
846 401 1042 485 nominatae,
1075 389 1236 485 significa

120 508 237 574 tiones.
276 506 400 591 Quodsi
413 507 552 591 legimus
569 507 661 590 ,alios
677 511 769 591 tres‘,
786 513 821 574 et
835 507 1042 575 desideratur
1057 507 1237 575 subiectum

122 613 306 680 sententiae
350 618 384 680 et
422 614 606 680 obtruditur
640 614 793 697 scriptori
833 614 1034 681 abundantia
1067 614 1237 681 admodum

121 721 277 801 molesta3
293 740 335 787 an
351 720 522 803 quisquam
536 722 672 804 negabit
686 722 853 789 abundare
869 726 1050 805 utrumque,
1075 726 1111 787 et
1133 721 1236 804 ,alios‘

124 831 158 894 et
181 829 281 911 ,tres‘,
307 847 378 894 cum
400 845 553 894 numerus
585 846 627 894 ex
658 827 869 911 sequentibus
901 829 988 895 nullo
1021 828 1134 895 labore
1167 827 1238 895 erui

124 932 358 1017 possitneque
382 932 557 1016 quidquam
580 933 743 1017 significet
766 933 882 1018 ,alius‘,
908 934 993 1017 quod
1015 953 1080 1002 non
1102 934 1183 1001 insit
1204 935 1239 1001 in

121 1059 202 1108 voce
225 1039 384 1124 ,priores‘
430 1039 540 1124 Quare
561 1039 657 1108 huius
673 1040 893 1107 abundantiae
908 1045 1074 1108 auctorem
1090 1041 1238 1123 quamvis

123 1147 247 1217 invitus
270 1146 442 1232 Halmium,
467 1167 532 1214 non
555 1147 704 1215 Tacitum
727 1148 894 1215 nominare
914 1167 1024 1231 cogor.

212 1254 278 1321 Sed
299 1259 337 1321 ut
359 1254 469 1337 aliqua
492 1255 610 1320 saltem
633 1259 792 1337 exparte
815 1274 1020 1337 compensem
1049 1254 1111 1322 hue
1133 1273 1240 1321 exem·

120 1360 395 1444 promeruissem,
422 1363 585 1443 ,ceterum‘
619 1359 732 1427 eadem
763 1360 892 1428 luxurie
922 1361 1064 1444 positum
1096 1360 1239 1428 inveniri

120 1487 284 1535 moneam:
324 1469 367 1534 H.
396 1468 445 1534 IV
467 1464 527 1533 56:
563 1468 674 1555 leporis
707 1476 827 1534 tautam
863 1469 1021 1556 lopiacum
1053 1471 1238 1556 interfectis,

121 1585 287 1642 ceterum
309 1577 421 1662 culpem
445 1625 453 1641 .
478 1625 486 1639 .
503 1576 606 1662 facile
629 1596 833 1641 accessurum.

211 1682 337 1767 Quibus
355 1680 500 1764 peractis
530 1681 753 1764 quaestionem
779 1681 988 1749 instituamus
1016 1681 1057 1748 de
1084 1702 1240 1766 prono·
1292 1713 1295 1717 “

121 1789 310 1873 minibus,
334 1788 364 1855 si
386 1807 451 1871 qua
474 1805 583 1854 eorum
605 1793 739 1871 praeter
761 1789 994 1856 necessitatem
1017 1789 1127 1871 posita
1142 1788 1236 1856 nobis

123 1914 299 1964 occursura
319 1894 396 1963 sint.
423 1896 541 1978 Itaque
563 1894 701 1977 primum
723 1895 940 1963 subsistamus
964 1900 1093 1979 oportet
1119 1897 1162 1962 H.
1186 1896 1240 1961 HI

123 2001 176 2087 22,
189 2004 245 2071 ubi
257 2002 401 2085 Tacitus,
415 2002 456 2069 de
467 2001 591 2084 proelio
602 2001 690 2069 iuter
702 2001 896 2070 Vitellianos
912 2007 947 2069 et
961 2003 1141 2070 Flavianos
1157 2022 1239 2069 com·

121 2110 220 2177 misso
243 2111 347 2179 rerba
368 2108 494 2176 faciens
517 2107 607 2199 picta
629 2109 799 2177 Vitelliani
821 2109 985 2177 exercitus
1009 2109 1081 2176 acie
1106 2108 1240 2176 Flavia·

121 2237 235 2285 norum
258 2216 412 2300 ordinem,
444 2220 482 2283 ut
504 2216 560 2297 qui
581 2235 697 2300 parum
719 2221 810 2284 certe
833 2216 976 2283 traditus
998 2215 1052 2300 sit,
1077 2235 1239 2300 exponere

122 2326 316 2406 nonaudet3
339 2343 453 2393 verum
465 2324 574 2390 addit:
607 2346 797 2412 quamquem
807 2326 867 2389 alii
878 2326 1080 2409 tradiderint,
1093 2332 1239 2411 quartum

122 2434 361 2499 Macedonicum
383 2431 528 2497 deutrum
551 2454 708 2497 auorum
729 2454 829 2497 amau
852 2481 860 2497 .
886 2481 893 2496 .
919 2433 1089 2516 complesse.
1148 2430 1240 2515 Quae

124 2559 195 2607 cum
217 2539 267 2606 ita
298 2539 374 2622 sint,
408 2544 484 2605 utra
506 2538 548 2604 de
571 2538 642 2605 acie
665 2540 747 2605 haec
770 2543 1058 2605 commemorentur
1081 2558 1153 2605 cum
1174 2557 1240 2604 non

122 2647 167 2713 sit
189 2645 328 2728 dubium,
354 2664 416 2727 quo
440 2645 574 2712 oonsilio
598 2645 743 2712 dicamus
773 2645 930 2727 scriptum
952 2664 1045 2712 esse:
1079 2663 1240 2712 suorum

126 2751 251 2821 cornu?
296 2752 406 2835 Atque
437 2752 502 2819 iam
524 2752 681 2819 Ernestio
704 2753 786 2820 haec
808 2771 883 2835 vox,
908 2772 1003 2836 quam
1027 2756 1143 2819 contra
1164 2771 1240 2819 con·

123 2860 326 2929 suetudinem
358 2859 405 2926 ibi
437 2860 515 2942 poni
548 2860 683 2944 fatetur,
728 2860 896 2943 scrupulos
930 2859 1052 2943 iniecit,
1088 2879 1169 2942 quos
1203 2864 1241 2926 ut

61 3041 64 3050 ,
123 2969 263 3035 dilueret
296 2967 485 3036 Waltherus
520 2969 680 3050 probante
714 2966 845 3034 Rittero
889 2968 950 3033 hac
993 2967 1096 3034 utitur
1138 2966 1239 3033 inter-

122 3075 325 3159 pretatione:
350 3076 532 3158 ,dextrum‘,
546 3074 661 3158 inquit,
676 3095 786 3159 ,cornu
801 3073 1049 3141 Vitellianorum
1063 3074 1144 3142 illud
1155 3078 1237 3157 erat,

124 3183 209 3264 quod
230 3182 539 3250 Etruriamrersus
563 3186 597 3248 et
619 3182 755 3249 Romam
771 3182 944 3265 spectabat
967 3181 1118 3264 quodque
1143 3182 1239 3247 laevo

122 3289 357 3358 Flavianorum
379 3287 563 3372 oppositum
585 3293 667 3356 erat.
713 3291 810 3356 Hanc
832 3290 872 3356 ob
905 3308 1036 3357 causam
1067 3309 1197 3355 suorum
1219 3307 1240 3354 a

124 3396 239 3464 Tacito
280 3396 426 3463 additum
449 3398 524 3463 est‘
570 3395 684 3480 Qualis
716 3395 946 3479 interpretatio
979 3414 1050 3462 cum
1072 3395 1149 3462 mihi
1172 3393 1239 3477 qui·

123 3506 195 3571 dem
219 3503 377 3592 (fortasse
399 3522 472 3570 mea
495 3502 604 3590 culpa)
633 3522 748 3586 parum
769 3502 903 3587 liqueat,
926 3503 1057 3569 Heraeo
1080 3521 1237 3570 assensus

124 3614 276 3697 ,suorum‘
299 3611 427 3678 abunde
449 3611 591 3694 positum
613 3608 745 3676 defendi
766 3629 831 3677 non
863 3628 960 3694 posse
992 3608 1141 3677 existimo
1174 3609 1239 3677 nisi

127 3721 186 3803 ita,
211 3724 248 3786 ut
271 3718 421 3786 Tacitum
444 3718 587 3785 dicamus
609 3716 920 3801 indicareroluisse,
937 3716 1143 3784 aFlavianis
1157 3716 1238 3801 ipsis

124 3828 181 3893 illa
203 3826 328 3892 tradita
351 3845 434 3893 esse.

212 3933 299 3999 Dein
321 3933 360 4000 A.
387 3933 436 4000 IV
458 3930 519 3998 24:
537 3936 644 4016 primo
671 3935 733 3998 sui
761 3936 881 3998 incessu
903 3933 993 3998 solvit
1015 3933 1171 3998 obsidium
1195 3970 1240 3981 -

126 4039 247 4122 extitit,
282 4040 336 4120 qui
358 4043 410 4104 sui
432 4044 469 4105 ut
492 4038 641 4121 ,otiosum
664 4039 761 4121 plane
785 4044 819 4104 et
841 4036 921 4104 nulli
952 4038 1036 4106 usui‘
1068 4039 1239 4106 delendum

126 4150 294 4226 censeret3
329 4144 388 4210 sed
421 4162 482 4213 nec
515 4144 698 4227 aequalium
728 4163 790 4214 nec
821 4147 1039 4216 recentiorum
1071 4145 1240 4231 quisquam
