2942 4625
727 246 770 316 65

195 430 242 504 ibi
264 435 317 500 est
326 453 387 518 por
402 431 592 512 command,
617 425 693 509 quo
706 445 767 510 per
782 445 817 502 se
838 433 940 515 patet,
964 429 994 497 si
1009 430 1086 514 quid
1100 437 1158 499 aut
1173 453 1303 511 venum-

195 539 364 608 deturant
378 540 513 621 ematur,
536 534 571 602 id
585 533 657 602 fleri
670 553 730 617 per
746 535 985 619 commercium
1009 528 1128 619 quodsi
1145 541 1304 609 luxuriem

195 647 302 716 vitare
335 644 494 715 voluisset
525 642 679 726 scriptor,
711 644 847 710 uerbum
868 645 975 726 paullo
1007 646 1171 729 amplioris
1204 648 1302 733 signi-

193 753 353 820 ficationis
387 770 507 836 ponere
536 749 662 833 debuit,
697 749 783 817 sicut
809 750 848 817 G.
867 748 910 816 24
934 752 1079 834 scripsit:
1102 777 1206 822 servor
1233 779 1302 822 con-

194 862 324 931 ditionis
360 861 454 928 buius
485 881 547 945 per
584 861 764 924 commercia
801 859 941 926 traduat.
959 929 963 936 ,
979 898 1023 909 -
1059 861 1173 944 Neque
1210 882 1302 945 prac-

192 968 380 1053 temuittam,
406 986 488 1050 quae
502 965 647 1050 proxime
662 965 831 1032 accedunt·
842 965 885 1031 ad
901 968 1047 1051 exempla
1061 969 1154 1042 modo
1170 969 1303 1037 laudata

192 1077 255 1160 Ag.
273 1074 332 1143 17:
357 1076 502 1142 Silurum
516 1081 635 1162 pentem
650 1077 750 1139 armis
764 1073 892 1161 subegit,
905 1112 949 1150 -ε
962 1071 1018 1140 28:
1034 1076 1156 1143 adactis
1167 1097 1229 1162 per
1239 1081 1303 1143 olon

192 1184 462 1271 gubernantias,
482 1200 557 1248 nam
578 1179 684 1263 ipsum
705 1179 860 1264 abigendi
882 1182 1016 1258 verbum
1037 1183 1104 1251 vim
1126 1184 1303 1252 adhibitam

193 1310 267 1358 esse
289 1289 461 1373 siguificat,
484 1307 589 1372 neque
611 1287 722 1371 video,
753 1307 817 1371 qua
839 1288 905 1354 alia
926 1289 1053 1356 ratione
1075 1289 1140 1356 nisi
1160 1292 1245 1358 bello
1269 1297 1303 1358 et

53 1402 57 1406 ’
192 1396 293 1466 armis
309 1396 413 1465 hostis
437 1395 546 1480 subigi
559 1394 675 1478 possit.
704 1394 790 1479 Quid
805 1414 883 1464 vero
898 1395 1054 1464 faciemus
1071 1396 1145 1464 dial.
1164 1396 1215 1482 16,
1240 1397 1301 1465 3οε

191 1509 329 1590 spatium
372 1507 519 1589 temporis
556 1504 600 1569 ad
638 1510 788 1570 mearam
826 1506 1019 1580 boemorum
1057 1527 1094 1571 cc
1130 1515 1302 1591 respectum

191 1615 333 1680 immensi
366 1614 512 1696 temporis
544 1612 684 1697 referre,
730 1628 812 1692 quae
845 1612 979 1679 ubertas
1013 1611 1186 1696 Spengelio
1220 1613 1302 1679 adeo

190 1719 333 1790 molesta,
358 1718 432 1788 risa
463 1722 533 1802 cst,
566 1721 603 1783 ut
632 1726 783 1803 respectu
805 1718 981 1803 scriberet,
1013 1720 1101 1787 nullo
1132 1720 1302 1802 scriptoris

191 1827 371 1911 commodo,
405 1824 510 1897 cuius
547 1823 726 1898 orationem
763 1825 824 1900 hac
867 1826 1053 1895 coniectura
1089 1826 1302 1894 horridiorem

189 1932 372 2022 reuoluto)
603 1995 606 2002 r
835 2001 838 2006 ,
879 2003 881 2006 ,

207 2103 209 2108 ,
274 2041 406 2126 'Quidve
439 2039 651 2113 iudicabimus
684 2041 748 2125 Ag.
776 2039 833 2112 38:
870 2051 899 2108 et
931 2064 996 2108 nox
1027 2043 1151 2129 quidem
1183 2034 1301 2129 gaudio

188 2149 368 2235 merdepas
383 2152 465 2216 laeta
479 2150 656 2235 leonthos,
676 2168 753 2218 nuru
774 2149 1024 2231 Peerlkampum
1039 2149 1143 2216 secuti
1158 2150 1302 2232 glossam

190 2253 225 2321 in
256 2254 308 2325 bis
340 2255 609 2342 indagabimust.
635 2257 699 2325 Hic
733 2256 832 2342 enim,
868 2261 1039 2341 postquam
1067 2255 1301 2324 dubitationem

190 2360 305 2447 movit,
321 2362 643 2449 'intellegendumne
659 2370 766 2432 esset:
798 2383 863 2432 nor
886 2365 1004 2448 gaudio
1035 2364 1099 2431 fuit
1121 2369 1156 2430 et
1177 2365 1302 2447 praeda

191 2469 288 2555 lacta,
323 2490 366 2539 an
388 2472 541 2556 gaudium
570 2474 757 2556 praedaque
778 2473 813 2543 iu
844 2472 951 2549 octusis
982 2471 1130 2539 laetitiae
1151 2472 1302 2538 habenda

192 2582 313 2663 essent,
338 2577 438 2666 (uano
470 2582 597 2666 labore,
626 2581 887 2663 comprobanda
914 2579 959 2646 sit
981 2579 1051 2646 sola
1070 2578 1301 2661 interpretatio

187 2685 373 2774 posterior),
390 2687 528 2758 sublatis
544 2687 677 2758 vocibus
687 2690 806 2778 quodie
816 2689 1001 2775 mundaque
1021 2687 1122 2755 multu
1137 2685 1301 2752 mehorem

190 2796 303 2857 censet
324 2795 455 2875 prodire
478 2794 688 2863 sententiam:
713 2800 748 2862 et
769 2814 834 2862 nox
857 2795 1088 2881 quuidemlaete
1110 2792 1299 2862 victoribus.

187 2895 312 2964 Ansam
333 2905 444 2968 autem
457 2902 552 2969 huius
575 2901 781 2970 coniecturae
803 2904 941 2984 praebet
963 2900 1036 2970 viro
1060 2900 1175 2983 docto,
1215 2899 1301 2981 quod

189 3003 344 3072 militibus
360 3008 540 3090 praedandi
553 3013 682 3092 tempus
697 3008 851 3093 defuisse,
868 3007 1041 3093 quidquam
1055 3011 1153 3090 raptu
1169 3006 1301 3089 dignum

189 3112 275 3194 apud
307 3130 469 3196 pauperes
498 3115 634 3184 Chattos
664 3115 829 3200 extitisse,
863 3115 1018 3199 praedam
1051 3114 1173 3182 factam
1205 3112 1301 3180 militi

190 3236 326 3289 servare
349 3220 421 3288 sine
443 3222 535 3290 ducis
559 3239 719 3293 consensu
744 3222 877 3291 licuisse
899 3227 1010 3305 negat.
1057 3221 1148 3306 Quae
1172 3219 1301 3287 etiamsi

187 3331 277 3393 recte
306 3332 514 3414 moneantur,
537 3349 614 3399 uum
636 3330 720 3401 satis
744 3329 862 3415 grauia
884 3329 1019 3398 suntad
1034 3333 1204 3410 utrumque
1227 3347 1300 3396 ver-

186 3433 263 3500 bum
296 3436 584 3521 expungenduml,
623 3439 670 3505 At
702 3437 766 3507 fuit
804 3436 959 3505 militibus
996 3441 1124 3518 tempus
1157 3435 1301 3520 praedae

186 3538 356 3609 faciendae
380 3541 556 3630 (hominum
577 3549 676 3629 certe,
694 3544 736 3612 cf.
754 3542 796 3612 37
812 3545 912 3611 med:
941 3564 1051 3629 capere
1066 3552 1158 3630 atque
1181 3543 1300 3608 eosdem

186 3647 297 3715 dictis
312 3652 387 3717 ollis
410 3652 599 3740 mucidare),
623 3652 687 3720 fuit
708 3652 848 3720 materia
869 3649 1051 3735 praedandi
1066 3648 1123 3736 (cf.
1140 3646 1182 3715 29
1200 3652 1297 3716 extr:

184 3776 243 3820 saa
260 3758 388 3843 quisque
403 3761 516 3826 decora
530 3768 684 3849 pectantes
706 3759 751 3827 ad
763 3757 921 3843 proelium
936 3756 1129 3844 venerant);
1161 3755 1299 3838 denique

186 3861 296 3943 quidni
323 3865 488 3947 gaudeant
510 3867 629 3936 milites
661 3868 800 3952 praeda,
825 3865 890 3934 etsi
913 3885 984 3933 eam
1016 3864 1087 3932 siue
1110 3862 1201 3929 ducis
1225 3883 1298 3929 con-

257 4081 280 4150 1)
298 4083 332 4138 ci.
360 4099 429 4154 quiae
460 4082 601 4142 Vahlenus
631 4085 774 4156 eleganter
805 4084 936 4173 docteque
960 4083 995 4155 de
1017 4081 1067 4139 hoe
1089 4080 1146 4136 loco
1171 4078 1299 4135 disseruit

183 4171 201 4226 l.
219 4170 238 4227 l.
256 4189 282 4242 p.
301 4170 361 4228 ooo.
