2942 4625
634 252 677 314 :¹0

95 438 247 516 plerisque
274 454 331 513 pcr
372 434 482 511 priora
514 433 667 511 strppticia
698 433 805 494 lenitis.
853 427 899 492 Xl
927 429 960 490 2.
991 432 1217 510 corruptionem

96 545 237 616 militum,
266 559 342 622 quos
365 540 497 618 pecunia
520 547 548 599 et
578 547 686 619 stupro
717 543 749 601 in
779 558 866 601 ornae
885 537 1032 617 {tonitium
1056 540 1219 601 obstrictos

98 651 256 731 arpuebat.
303 644 351 710 XI
377 645 431 709 34.
460 648 595 726 aperiret
624 647 770 727 anabapes
797 654 825 707 et
849 648 914 707 ueri
937 647 1057 727 coptam
1081 645 1219 723 [aaaron

97 760 152 820 sed
174 778 234 819 non
261 754 329 816 idco
351 755 496 835 peruicit,
521 757 592 834 quin
615 775 767 834 arepensa
790 762 819 814 et
843 774 903 835 qno
926 754 1110 814 ducerentur
1124 754 1218 814 inett-

96 874 211 927 natura
248 862 483 943 respondcret.‘
518 858 580 924 XV
617 861 670 926 49.
710 866 779 943 quis
815 865 936 942 primns
974 869 1093 932 auctor,
1130 863 1216 922 cuius

97 975 239 1036 instinctu
263 973 411 1032 concitum
433 971 483 1044 sit,
508 969 592 1051 quod
614 979 675 1031 tam
708 971 793 1031 misdi
815 976 1017 1048 sumpserant.
1062 963 1127 1028 XV
1166 966 1219 1031 54.

98 1082 240 1161 praemio
267 1077 418 1159 perfidiae
447 1081 616 1157 reputabit,
656 1080 805 1159 nutuque
838 1081 985 1139 immensa
1020 1077 1155 1157 pecnnia
1193 1085 1222 1138 et

98 1190 235 1269 potentia
266 1186 519 1249 obversabantur.
571 1183 633 1248 XV
661 1186 715 1251 56.
746 1190 987 1265 interroqontur,
1022 1186 1162 1266 quisnam
1195 1187 1223 1247 is

100 1317 210 1371 sermo,
234 1315 297 1376 qua
320 1294 358 1355 de
380 1313 415 1354 rc
436 1295 554 1373 sitisset.
718 1361 721 1366 Α

191 1399 239 1464 Ne
261 1401 375 1484 longus
391 1401 461 1477 sim,
484 1400 579 1482 plura
594 1400 740 1482 exempla
755 1420 900 1483 promere
923 1398 1007 1476 nolo,
1030 1420 1102 1462 cnm
1122 1418 1219 1482 genus

102 1512 203 1594 ipsum
222 1508 276 1584 eis,
300 1529 382 1590 quae
399 1507 508 1584 attuli,
525 1506 604 1571 satis
620 1505 825 1571 adumbrasse
841 1505 921 1570 mihi
938 1504 1055 1570 videar.
1080 1505 1221 1591 Apparet

101 1622 209 1682 autem
233 1612 286 1678 bic
309 1636 434 1698 quoque
457 1615 540 1679 idem
556 1613 721 1697 scriptoris
737 1635 814 1692 mos,
838 1635 902 1697 quo
917 1613 1113 1677 sententiam
1129 1633 1225 1695 supra

104 1724 170 1787 sive
193 1744 258 1785 una
281 1742 358 1785 voce
381 1723 446 1786 sive
470 1722 566 1805 pleno
581 1723 752 1786 enunciata
767 1743 950 1805 expressam
973 1720 1058 1784 infra
1080 1720 1226 1805 pluribus

103 1831 263 1914 explicare
299 1830 422 1904 studet3
457 1833 555 1913 atque
591 1829 740 1914 adiungit
777 1829 964 1903 enunciata,
999 1826 1056 1891 illo
1094 1826 1227 1893 consilio

104 1938 219 2021 posita,
252 1937 372 2020 (eodem
397 1937 463 2001 fere
486 1935 588 2013 modo,
613 1957 675 2018 quo
699 1959 797 2022 supra
820 1936 965 2022 singulas
988 1954 1079 1998 voces
1102 1931 1227 1996 additas

103 2067 169 2108 esse
202 2044 394 2129 invenimus)
424 2045 613 2128 plerumque
651 2066 708 2127 per
738 2049 793 2121 ,et‘
820 2044 1031 2127 particulam
1066 2041 1228 2104 interdum

103 2151 247 2215 retativis
281 2153 386 2216 utitur
419 2151 675 2234 pronominibus¹
705 2151 759 2235 (cf.
788 2151 829 2214 H.
864 2149 916 2214 ΠΙ
943 2150 997 2215 42.
1027 2149 1065 2214 Α.
1089 2145 1138 2211 XI
1171 2145 1234 2233 2),

104 2280 234 2344 perraro
258 2258 380 2325 nullam
404 2258 536 2324 adhibet
558 2259 823 2326 coniunctionem.
859 2258 969 2344 Neque
994 2258 1026 2321 iu
1048 2278 1085 2322 eo
1107 2256 1142 2322 hi
1164 2255 1226 2320 loci

104 2366 273 2431 dissimiles
288 2370 364 2429 suut
387 2365 558 2450 prioribus,
582 2368 666 2450 quod
682 2389 913 2452 nonnunquam
937 2372 995 2432 aut
1013 2366 1226 2449 explicantur,

104 2498 186 2558 quae
211 2496 268 2558 per
291 2494 324 2535 se
347 2474 523 2538 clarissima
553 2479 639 2551 sunt,
656 2480 714 2539 aut
737 2480 833 2540 aucta
855 2475 1025 2540 verborum
1048 2472 1140 2556 copia
1162 2491 1227 2534 non

105 2589 244 2667 augetur
268 2582 448 2645 sententiae
470 2581 681 2665 perspicuitas
705 2581 760 2668 (af.
784 2583 860 2647 dial.
890 2584 940 2648 16.
965 2582 1018 2647 36.
1044 2579 1084 2645 H.
1102 2578 1145 2645 ΙΙ.
1169 2578 1226 2662 4.).

106 2689 252 2773 Denique
277 2688 467 2759 mouendum
491 2692 550 2767 est,
574 2689 727 2754 eiusmodi
744 2690 828 2754 locos
843 2712 901 2773 per
916 2711 1026 2754 omnes
1042 2689 1108 2752 fere
1129 2687 1227 2751 libros

104 2798 228 2881 pariter
252 2795 443 2879 deprehendi
466 2819 568 2880 neque
591 2803 649 2860 aut
672 2797 795 2880 copiam
819 2820 929 2863 eorum
953 2800 1010 2862 aut
1032 2795 1229 2880 gravitatem

105 2905 375 2969 abundantiarum
405 2905 614 2988 pedetemtim
644 2903 688 2968 sic
722 2904 903 2983 immutari,
938 2910 975 2970 ut
1002 2906 1064 2970 ista
1092 2901 1229 2966 mutatio

106 3014 203 3075 certis
228 3014 366 3076 numeris
390 3012 605 3076 circumscribi
628 3015 740 3095 possit.

199 3118 308 3202 Atque
337 3121 387 3184 his
414 3120 540 3203 quidem
568 3142 640 3184 cum
662 3124 796 3203 peracta
830 3121 874 3185 sit
897 3122 975 3185 haec
1004 3115 1230 3203 disputationis

110 3371 322 3378 m

107 3562 248 3633 principia
275 3562 345 3616 belli
369 3565 519 3618 secundum
547 3565 705 3620 Flavianos'
730 3564 875 3619 commode
900 3564 999 3618 abesse
1023 3562 1145 3633 possint,
1174 3562 1231 3617 imo

109 3670 286 3722 supervacua
305 3652 372 3719 sint,
391 3654 426 3707 ad
445 3672 479 3709 ea
499 3653 620 3708 delenda
638 3672 743 3725 pronus
766 3654 952 3708 videturesse
964 3654 1075 3722 (aperte
1088 3652 1163 3707 enim
1175 3670 1233 3708 non

108 3742 284 3811 profitetur);
303 3742 350 3796 hic
362 3743 461 3798 eadem
473 3744 690 3798 ratiocinatione
710 3745 811 3798 ductus
831 3742 967 3796 audacius
984 3760 1072 3811 agens
1086 3742 1134 3796 im
1146 3748 1233 3798 rerba

109 3833 252 3900 expellere
271 3848 326 3885 non
347 3832 499 3888 dubitavit.
537 3832 616 3897 Quod
636 3833 697 3903 ipse
717 3834 838 3903 probare
858 3848 975 3901 nequeo,
995 3849 1096 3901 neque,
1120 3832 1232 3888 etiamsi

111 3920 289 3974 abundarent
310 3921 404 3983 verba,
426 3922 490 3976 ideo
510 3922 639 3976 eiciendo,
659 3925 763 3977 essent.
782 3922 838 3976 Sed
856 3939 887 3976 re
907 3938 974 3975 vera
992 3938 1093 3975 novam
1111 3919 1234 3975 afferunt

109 4007 299 4073 sententiam,
332 4027 413 4077 quae,
444 4011 497 4064 etsi
517 4027 573 4063 non
601 4028 714 4077 prorsus
738 4011 915 4077 necessaria,
940 4013 983 4064 est
1007 4013 1102 4064 tamen
1123 4027 1138 4064 e
1157 4025 1234 4063 more

110 4095 210 4160 Taciti,
231 4113 287 4164 quo
315 4096 485 4150 sententiam
511 4098 609 4166 paucis
634 4098 831 4151 adumbratam
857 4099 887 4151 in
913 4098 1095 4167 sequentibus
1120 4101 1234 4151 auctam

110 4182 159 4231 aut
178 4183 283 4234 certius
303 4183 541 4252 circumscriptam
559 4186 688 4253 repetere
708 4186 788 4239 solet.
