2942 4625
664 264 707 335 58

127 446 309 532 contrariis,
329 465 395 514 non
414 465 534 516 averse
553 447 595 514 ab
609 447 704 514 hoste
719 445 829 512 fronte
848 463 904 511 eos
920 444 1057 512 vulnera
1072 443 1239 528 accepisse

126 572 219 621 nemo
243 573 307 619 non
326 553 498 637 intellegit.

216 661 330 726 Paullo
355 659 453 727 aliter
475 659 681 727 iudicandum
706 664 758 726 est
783 659 823 725 de
838 658 879 723 H.
902 654 992 723 175:
1024 659 1060 722 ni
1075 660 1242 724 incolumes

128 768 187 833 sibi
211 775 311 832 mater
339 789 376 832 ae
400 768 490 832 liberi
513 774 729 852 oeramentum
757 785 833 831 nam
870 763 999 832 servari
1032 783 1103 830 eum
1136 765 1243 847 possit

129 873 246 955 aliquis
261 874 361 939 etiarn
375 874 459 939 mele
474 877 618 940 tractato
634 892 779 955 eorpore,
795 872 883 938 hand
901 871 951 936 ita
970 871 1166 953 superfluum
1191 877 1244 938 est

132 980 337 1063 incolumes,
368 979 486 1062 quippe
516 998 599 1061 quae
627 998 692 1047 vox
724 978 848 1045 oratius
877 977 1060 1061 restringat
1089 978 1244 1046 servandi

131 1085 335 1173 notioneml)
358 1086 471 1169 Neque
488 1087 522 1152 in
536 1086 732 1154 abundantis
747 1084 904 1153 orationis
920 1085 1075 1167 exemplis
1096 1104 1244 1151 numera-

131 1193 247 1260 verim:
277 1194 319 1259 H.
335 1190 460 1259 11125:
472 1194 665 1279 precabatur
678 1194 818 1278 placatos
825 1197 931 1278 patris
946 1214 1052 1257 nranes
1062 1214 1135 1258 neae
1151 1214 1182 1257 se
1209 1200 1246 1257 nt

126 1301 327 1386 parricidam
341 1310 577 1385 aversarentur,
599 1317 682 1383 quae
696 1301 800 1368 verba
820 1299 867 1366 sie
886 1303 965 1381 puto
980 1303 1071 1364 reete
1085 1298 1246 1381 interpre-

131 1407 280 1490 tabimur,
305 1412 343 1473 ut
365 1407 512 1489 pinnatos
536 1406 715 1490 proleptiee
738 1406 879 1489 positum
905 1424 979 1471 esse
1003 1405 1148 1472 dieamus
1171 1424 1244 1487 pro:

132 1518 169 1578 ut
192 1513 315 1595 placati
338 1518 450 1581 essent
473 1533 585 1581 manes
610 1515 816 1596 precabatur.

222 1619 288 1686 Sed
302 1625 340 1687 ut
353 1620 524 1688 redeamus
545 1640 593 1706 eo,
613 1620 699 1687 unde
717 1618 858 1703 profecti
878 1638 997 1703 sumus,
1017 1618 1039 1685 i.
1062 1638 1089 1685 e.
1111 1618 1154 1685 ed
1173 1639 1247 1702 par·

133 1726 247 1808 tieipia
261 1727 467 1794 abundanter
480 1728 598 1812 posita,
620 1726 832 1809 respiciemus
847 1727 910 1809 Ag.
932 1724 966 1792 3:
988 1734 1115 1792 exactae
1135 1730 1249 1792 aetatis

134 1837 295 1899 terminus.
317 1872 361 1883 -
380 1835 443 1918 Ag.
467 1833 522 1902 15:
543 1839 599 1922 qni
617 1836 788 1921 reiepatnm
811 1837 847 1898 in
867 1835 934 1898 alia
953 1835 1059 1898 insula
1079 1838 1248 1899 eemeitnrn

136 1942 310 2006 detinerent
325 1939 404 2028 (or.)
420 1979 464 1989 -
479 1942 542 2025 Ag.
560 1939 616 2008 37:
633 1944 697 2007 nisi
712 1950 798 2007 tanto
814 1944 922 2006 aerina
940 1941 1049 2025 patna
1076 1944 1110 2004 in
1130 1942 1250 2027 fnparn

135 2048 314 2113 distendent.
330 2046 500 2131 -Atque
519 2047 618 2114 etiam
638 2048 678 2115 G.
699 2045 744 2114 38
763 2048 824 2113 hoo
842 2047 876 2112 in
896 2065 1016 2130 genere
1031 2046 1248 2113 memorabilis

135 2158 187 2220 est
196 2154 300 2221 loeus:
311 2152 440 2242 (Suebi)
450 2164 558 2221 nant
567 2164 671 2220 ament
682 2164 871 2238 amentnrue,
888 2157 923 2218 in
938 2155 1137 2219 altitudinem
1152 2177 1250 2241 qnan-

136 2261 211 2326 darn
237 2268 265 2327 et
291 2271 442 2329 terrorem
467 2262 591 2330 adituri
618 2263 697 2329 belia
722 2265 837 2348 eornpti
863 2269 898 2327 nt
923 2260 1058 2328 bostiam
1084 2263 1181 2328 oeniis
1201 2283 1250 2327 or-

137 2377 265 2433 nantnr.
310 2369 486 2436 Rednndut
515 2370 600 2437 enim
628 2371 764 2438 verbum
780 2368 918 2451 ‚compti‘
947 2373 1082 2452 propter
1112 2388 1251 2451 sequens

137 2477 328 2560 ,ornantur‘,
344 2495 450 2558 neque
465 2495 543 2545 vero
566 2477 642 2543 inde
658 2495 772 2543 ansam
795 2479 871 2558 peto
895 2475 991 2542 huius
1015 2475 1106 2543 vocis
1132 2494 1252 2559 expun-

136 2582 272 2665 gendae,
313 2582 424 2669 (quam
462 2584 681 2651 eonieeturam
703 2582 839 2650 Ernesti
878 2581 1138 2669 commendavit),
1177 2582 1252 2665 quia

137 2689 284 2756 consulto
300 2690 449 2756 Tacitum
464 2709 536 2757 eam
550 2691 699 2774 posuisse
715 2690 866 2774 arbitror,
883 2708 946 2771 quo
960 2688 1066 2773 magis
1078 2688 1254 2756 dilucidam

137 2795 291 2862 redderet
306 2797 493 2882 orationem,
510 2798 544 2864 in
560 2818 632 2882 qua,
650 2798 680 2865 si
695 2800 829 2865 abesset
844 2796 972 2882 compti,
992 2798 1127 2864 verbum
1143 2796 1252 2878 paullo

137 2903 293 2970 remotius
318 2903 505 2994 (ornantur)
522 2906 565 2973 ad
579 2925 677 2974 voees
693 2905 738 2990 ,in
754 2904 839 2972 altit.
864 2909 899 2971 et
913 2905 1004 2971 terr.‘
1025 2902 1254 2970 arcessendum

139 3013 238 3093 esset,
263 3031 369 3094 neque
397 3014 481 3081 bene
511 3014 792 3098 distinguerentur
815 3013 919 3080 uerba
943 3009 1075 3095 ,adituri
1098 3010 1195 3076 bella‘
1220 3013 1255 3074 et

140 3121 186 3199 ,ut
209 3118 350 3186 hostium
375 3121 496 3211 oeulis‘.
535 3122 656 3189 Contra
681 3125 814 3189 seruato
834 3118 975 3202 ‚eompti‘
996 3116 1078 3184 satis
1099 3115 1256 3183 eouoinna

140 3224 253 3291 evadit
267 3227 444 3294 sententia:
471 3216 575 3297 'Suebi
588 3248 654 3295 non
668 3226 847 3294 amantium
866 3225 925 3292 sed
944 3224 1085 3292 hostium
1105 3224 1255 3306 quodam·

139 3331 233 3398 modo
245 3333 346 3400 oeulis
359 3341 524 3420 ornantur,
543 3356 615 3404 eum
630 3335 717 3401 bella
727 3331 841 3400 inituri
852 3352 926 3399 sese
938 3337 1102 3400 eumentes
1114 3329 1255 3415 speeiem

142 3457 233 3505 suam
257 3441 405 3509 altiorem
429 3443 721 3524 terribilioremque
745 3440 882 3507 reddere
907 3439 1081 3526 studente)

230 3547 451 3618 Historiarum
477 3556 587 3618 eutem
613 3554 648 3615 et
673 3546 849 3614 Annalium
876 3567 916 3614 ex
941 3545 1035 3612 libris
1059 3543 1257 3612 memorandi

143 3659 231 3719 sunt:
262 3655 304 3721 H.
331 3657 350 3722 I
377 3656 437 3724 15:
464 3663 530 3724 nita
556 3662 592 3723 in
617 3679 680 3744 qna
706 3655 788 3722 nibil
808 3658 1019 3740 praeteritam
1046 3651 1257 3719 enensandnrn

215 3832 238 3904 ¹)
256 3836 291 3892 H.
309 3838 325 3892 Ι
344 3837 392 3893 29:
412 3841 489 3893 enine
501 3841 607 3905 intepra
618 3838 768 3891 anteritas
786 3836 934 3891 maieritum
951 3835 1079 3888 remediis
1098 3835 1258 3888 aaronem

143 3923 205 3978 huie
222 3941 277 3981 non
294 3927 375 3995 plane
393 3927 480 3983 simile
498 3928 574 3981 duee.

215 4009 240 4079 ²)
258 4013 284 4067 N
285 4015 326 4068 olo
336 4016 564 4084 praetermittere,
574 4015 658 4069 etiam
666 4016 780 4070 verbum
790 4013 897 4081 ‚nment‘
908 4011 1073 4083 superfluum
1081 4011 1148 4065 mihi
1159 4008 1258 4074 rideri,

6 4152 8 4177 ς
69 4090 70 4093 ’
144 4114 231 4165 neque
250 4100 305 4154 alin
322 4103 357 4156 da
374 4118 457 4157 musa
475 4102 599 4157 additum
617 4118 684 4169 esse,
703 4103 758 4161 nisi
775 4108 808 4163 ut
825 4103 855 4162 in
871 4107 987 4179 utroque
1005 4102 1122 4165 membro
1134 4115 1185 4177 per
1196 4113 1258 4158 Vtr-

143 4186 239 4243 borum
256 4204 385 4246 numerus
402 4189 455 4244 ubi
472 4190 656 4257 responderet,
