2942 4625
778 306 818 369 19

234 479 340 552 finitio
364 486 429 550 sive
453 485 623 570 superflua,
659 507 710 550 eos
739 506 864 569 quoque
892 486 976 550 locos
1000 485 1153 563 conferre,
1182 483 1237 551 ubi
1260 485 1357 569 piena

233 595 403 661 enunciata
437 598 495 660 aut
527 594 664 679 singulis
693 593 826 659 ‘vocibus
855 598 912 658 aut
940 592 1016 677 ipsis
1039 594 1219 659 enunciatis
1242 596 1357 660 adnec-

233 707 358 767 tantur.

323 808 418 875 Cuius
442 812 567 896 generis
591 832 608 874 e
631 809 789 896 dialogo
813 808 929 874 affero:

326 936 440 1013 lala:
464 939 672 1019 interropabo,
689 959 765 1020 qnos
780 938 893 999 vocetis
909 938 1059 1017 antipam,
1084 956 1177 1017 qaam
1197 943 1356 1000 oratorum

234 1054 364 1108 aetatem
379 1047 599 1128 sipnilicatione
614 1049 674 1108 ista
698 1044 911 1106 determinetis.
937 1042 990 1120 38,
1006 1041 1037 1107 4.
1061 1065 1148 1107 nemo
1170 1046 1255 1107 intra
1268 1064 1355 1126 paa-

236 1156 372 1216 cissimas
388 1155 482 1217 boras
496 1174 646 1234 perorare
663 1151 831 1233 copebatar
846 1157 875 1212 et
890 1150 1006 1213 liberae
1022 1153 1358 1232 comperendinationes

237 1270 322 1325 erant
345 1270 374 1323 et
397 1263 518 1324 ronanam
542 1262 662 1324 dicendi
684 1260 743 1323 sibi
766 1261 892 1340 qaisqne
914 1260 1062 1323 sumebat.
1085 1258 1145 1337 40,
1170 1258 1224 1325 22.
1248 1268 1356 1324 nestra

238 1371 353 1444 civitae,
378 1371 475 1433 dariae
498 1372 630 1445 erraoit,
660 1370 757 1433 donec
784 1386 817 1428 se
844 1365 987 1445 partibas
1015 1374 1043 1426 et
1066 1365 1305 1432 dissensionibus
1327 1377 1356 1432 et

236 1477 396 1540 discordiis
420 1479 559 1556 confecit.

325 1583 372 1648 Ac
394 1605 435 1646 ne
457 1583 541 1647 forte
569 1580 688 1658 credas,
723 1582 854 1644 tantum
886 1578 975 1643 intra
1007 1579 1184 1646 iuventutis
1217 1585 1357 1666 spatium

236 1689 383 1755 Tacitum
406 1691 450 1755 sia
473 1691 708 1764 tensamentum,
732 1687 790 1751 hos
806 1685 903 1750 velim
919 1684 1073 1750 intuearis
1089 1683 1359 1755 Historiarum

235 1801 275 1862 et
297 1797 512 1863 Annalium
536 1796 636 1861 locos:

326 1922 366 1990 H.
392 1923 408 1986 I
432 1923 484 1989 62.
509 1925 618 1986 laetam
643 1924 805 2003 caprariam
828 1923 978 1984 enercitni
1002 1968 1010 1985 .
1035 1968 1043 1984 .
1067 1924 1200 2002 anciila.
1224 1971 1232 1987 .
1255 1945 1357 2006 prae-

234 2035 349 2097 colaoit
373 2081 380 2095 .
406 2082 426 2109 .,
463 2042 495 2094 at
524 2033 609 2095 band
643 2029 766 2092 deabiam
797 2048 930 2109 mnpnae
953 2038 982 2091 et
1005 2049 1178 2110 prosperae
1201 2034 1247 2094 rei
1270 2053 1358 2097 omen

235 2141 437 2219 acciperetur.
462 2137 478 2201 Ι
503 2137 555 2203 80.
577 2138 797 2220 paraetonio,
821 2138 901 2199 ande
925 2138 999 2199 nibil
1020 2137 1193 2216 timebatur,
1217 2148 1289 2204 orta
1304 2162 1358 2205 se-

236 2244 350 2312 ditiaI
381 2246 433 2312 83.
470 2246 599 2310 diversis
632 2247 759 2308 militnm
795 2246 919 2321 animis,
958 2266 1025 2307 cerm
1060 2249 1194 2329 optimas
1232 2251 1358 2333 qnisqne

236 2358 400 2419 remedium
434 2358 574 2418 licentiae
606 2363 756 2437 posceret,
785 2355 891 2434 palpas
925 2361 954 2415 et
987 2356 1092 2433 plnres
1121 2403 1129 2417 .
1160 2405 1168 2421 .
1197 2358 1240 2420 ab
1273 2360 1360 2422 maile

235 2466 343 2527 bellam
365 2466 599 2545 impellerentur.
639 2460 680 2529 Η.
704 2458 739 2523 ΙΙ
761 2460 791 2524 3.
818 2469 916 2522 artem
943 2462 1141 2544 baraspicam
1171 2466 1302 2529 accitam
1330 2475 1360 2529 et

239 2572 352 2635 Cilicon
377 2572 531 2634 Tamiram
554 2572 700 2634 intulisse.
724 2567 766 2634 H.
789 2564 823 2630 II
845 2567 877 2633 4.
908 2569 991 2631 laeta
1014 2578 1044 2632 et
1067 2574 1268 2652 componentia
1285 2583 1359 2647 eata

235 2689 264 2744 et
287 2682 407 2761 mapnis
430 2679 575 2742 consultis
597 2679 735 2741 adnuere
751 2677 841 2738 deam
858 2678 948 2739 videt.
973 2675 1026 2742 22.
1045 2698 1112 2740 cam
1128 2689 1254 2760 caperet
1269 2691 1357 2746 stra-

234 2809 302 2870 pem
339 2788 504 2868 trepidatio
527 2805 622 2867 eoqae
651 2789 756 2849 aerias
792 2806 808 2846 e
843 2786 997 2848 moenibus
1020 2788 1264 2852 vulnerarentur.
1303 2787 1358 2856 25.

235 2904 396 2959 annotator
417 2901 532 2958 natara
556 2903 584 2956 ct
608 2898 657 2956 cai
673 2903 766 2957 carita
782 2895 883 2974 petias
900 2894 1029 2956 consilia
1049 2914 1116 2956 cam
1132 2898 1251 2960 ratione
1266 2917 1359 2980 quam

235 3021 389 3085 prospera
416 3024 456 3065 ea
481 3022 556 3064 casa
571 3002 739 3081 placerent.
757 2996 809 3061 38.
824 3001 952 3063 sabaelo
965 3001 1037 3062 orbe
1051 3010 1079 3064 et
1092 3006 1219 3066 aemnlis
1232 3006 1359 3070 nrbibms

235 3113 416 3194 repibasqae
432 3111 551 3172 excisis.
590 3104 641 3169 ΙΙΙ
656 3105 687 3168 2.
712 3107 830 3169 inoabit
853 3111 940 3190 sequi
956 3117 984 3169 et
1000 3111 1133 3190 cestipiis
1147 3112 1295 3176 vincentis
1310 3116 1358 3178 in·

234 3223 352 3282 sistere.
378 3218 409 3283 l.
428 3218 555 3297 palpata
574 3216 716 3290 victoria,
732 3223 803 3295 post
819 3219 974 3297 principia
987 3217 1057 3278 belli
1074 3219 1241 3282 secandam
1253 3222 1358 3284 Flavi·

236 3348 312 3391 anos
328 3329 404 3390 data
417 3332 459 3401 ¹).
495 3323 542 3386 10.
560 3324 612 3385 abi
628 3324 808 3386 erabescere
823 3325 930 3387 seditio
947 3332 975 3385 et
993 3345 1013 3385 a
1027 3327 1170 3389 conciciis
1181 3347 1220 3390 ac
1233 3330 1358 3409 probris

236 3435 279 3497 ael
300 3436 361 3498 tela
384 3443 414 3497 et
436 3453 546 3495 manas
568 3431 751 3495 transibant.
798 3430 851 3494 42.
875 3432 956 3511 fidens
983 3433 1108 3509 Vitellio,
1133 3436 1218 3498 cuias
1240 3453 1356 3499 sacra-

234 3552 365 3605 mentam
389 3542 506 3604 canatis
529 3541 614 3601 circa
636 3539 792 3602 bostilibns
815 3541 949 3603 annana
972 3549 1111 3603 carcerat.

325 3663 364 3731 A.
381 3663 428 3728 IV
444 3663 498 3729 46.
521 3667 590 3745 pati
616 3664 743 3726 dilectas
766 3672 795 3726 et
817 3666 1036 3727 calidissimam
1059 3687 1207 3748 quemque
1228 3670 1356 3732 otilitiae

234 3782 359 3839 nostrae
386 3774 464 3836 dare
492 3781 707 3857 aspernanter.
740 3769 780 3838 A.
805 3768 835 3834 V
859 3770 890 3836 9.
919 3782 1099 3835 canescente
1125 3773 1223 3854 plebis
1241 3778 1293 3837 ira
1318 3796 1357 3840 ac

236 4007 450 4018 W..--

308 4161 330 4229 ¹)
353 4163 514 4217 Haeserunt
540 4162 583 4216 ibi
601 4160 713 4217 Ernesti
731 4161 762 4215 et
780 4160 888 4215 Rittar:
908 4161 964 4225 ille,
989 4158 1066 4228 quod
1093 4158 1237 4229 vulgetur,
1256 4158 1356 4228 aperte

237 4255 427 4323 depravatum
447 4269 507 4307 esse
522 4254 616 4319 ratus,
636 4269 699 4307 cum
724 4250 855 4305 dubitare
873 4269 929 4306 non
948 4249 1048 4313 liceat,
1069 4247 1258 4373 quinberbs:
1279 4248 1354 4317 ‚pon
