2942 4625
676 646 851 816 Gapoi
888 647 914 755 Ι.

318 871 461 938 Primnm
493 870 596 955 igitur
630 870 731 938 ocnfis
766 870 914 937 subicere
949 870 1052 937 statui
1075 889 1131 938 eos
1154 871 1253 956 locos,
1289 873 1345 939 nbi

231 976 371 1061 scriptor
394 978 529 1046 eandem
552 969 822 1063 significationem
844 977 917 1060 plus
941 977 1042 1045 semel
1065 979 1236 1063 expressit,
1274 999 1346 1047 cum

230 1105 295 1152 non
317 1091 385 1154 tam
406 1106 483 1170 pro
507 1106 547 1153 ea
570 1105 666 1169 quam
681 1104 755 1167 pra
765 1089 854 1152 eter
869 1104 942 1152 eam
956 1086 1067 1167 plnres
1082 1092 1219 1169 poneret
1235 1106 1343 1171 vocae,

232 1212 366 1276 quarum
389 1212 535 1276 quaeque
558 1192 663 1277 ipsam
684 1191 773 1258 illam
796 1191 1068 1275 significationem
1102 1193 1219 1260 sinon
1242 1198 1345 1261 totam

232 1304 267 1366 at
288 1321 347 1383 pro
370 1320 431 1369 sna
451 1306 547 1385 parte
580 1299 743 1380 continet;
775 1303 843 1383 aut,
868 1298 897 1366 si
920 1299 992 1382 quis
1014 1299 1112 1367 aliter
1133 1300 1346 1384 interpretari

232 1407 312 1475 uelit
338 1408 424 1475 hunc
446 1427 554 1491 nsum,
588 1407 700 1491 plures
724 1405 813 1473 dicat
835 1404 994 1491 notiones
1023 1427 1084 1491 per
1107 1416 1135 1473 et
1156 1408 1345 1491 plerumque

231 1516 399 1598 copulatas
428 1515 565 1600 singuiis
595 1534 653 1581 seu
679 1514 826 1597 pluribus
855 1514 1003 1598 uocibuS,
1038 1534 1173 1597 quarum
1196 1514 1248 1583 uis
1270 1516 1344 1583 illas

232 1623 455 1706 complectitur
488 1642 592 1705 neque
624 1640 700 1688 raro
728 1620 828 1687 etiam
854 1620 953 1688 latius
980 1621 1045 1688 illis
1074 1625 1182 1705 patet,
1211 1622 1345 1707 insuper

232 1730 466 1813 comprehendi.
524 1729 626 1814 Quem
659 1747 780 1795 morem
814 1727 922 1795 Taciti
953 1728 1120 1812 proprium
1147 1734 1184 1796 ut
1206 1729 1344 1797 iudicem

231 1842 356 1905 tantum
384 1840 487 1922 abest,
522 1842 560 1904 ut
593 1836 680 1919 apud
702 1854 812 1903 omnes
845 1834 917 1903 fere
941 1836 1118 1920 scriptores
1141 1836 1345 1921 maximeque

231 1945 317 2028 apud
331 1950 479 2013 oratores
492 1964 563 2015 eum
575 1942 775 2027 deprehendi
786 1962 883 2025 posse
895 1944 1055 2025 arbitrer:
1070 1962 1175 2027 neque
1188 1944 1343 2029 omnibns

229 2051 291 2119 imo
314 2052 487 2136 perpaucis
501 2052 535 2120 in
550 2051 630 2119 locis
645 2051 694 2117 ita
710 2050 905 2133 comparatis
930 2050 1162 2117 abundantiam
1187 2051 1344 2119 orationis

230 2159 334 2226 latere
357 2159 516 2244 existimo,
541 2179 613 2227 cum
635 2158 823 2242 plerumque
846 2177 887 2225 ea
909 2158 954 2227 sit
975 2158 1118 2226 locorum
1134 2158 1284 2243 conditio,
1308 2159 1344 2226 id

230 2265 400 2352 scriptoris
424 2265 592 2335 consilium
607 2265 787 2334 clarissime
802 2265 1030 2350 perspiciatur,
1054 2270 1091 2334 ut
1106 2268 1196 2336 vocis
1208 2265 1344 2334 alicuius

230 2375 318 2442 notio
340 2376 449 2459 paullo
473 2374 665 2459 generalior,
691 2392 762 2441 cum
784 2373 827 2458 id,
852 2373 940 2456 quod
958 2374 1097 2441 maxime
1120 2376 1244 2460 agitur,
1280 2396 1345 2442 non

231 2483 311 2550 satis
335 2482 489 2550 distincte
513 2481 682 2565 exprimat,
708 2481 772 2548 etsi
795 2482 838 2548 ad
860 2481 1056 2549 sententiam
1078 2483 1266 2552 universam
1280 2503 1344 2549 non

230 2590 394 2674 superflua
424 2589 564 2672 videtur,
600 2609 640 2656 ea
674 2608 716 2656 ex
746 2593 842 2673 parte
866 2588 987 2656 certius
1017 2589 1199 2675 definiatur,
1223 2590 1258 2657 in
1281 2609 1345 2674 qua

228 2697 330 2765 totius
354 2697 538 2764 sentcntiae
562 2696 659 2764 cardo
683 2701 847 2765 versatur.

316 2805 389 2872 Hac
411 2805 538 2872 ratione
562 2824 640 2872 usus
664 2804 728 2872 etsi
750 2823 815 2871 non
838 2804 990 2887 brevem,
1022 2808 1219 2872 tamennon
1242 2806 1343 2871 abun-

230 2913 361 2981 dantem
387 2913 567 2980 orationem
598 2911 783 2979 Tacitinam
814 2911 995 2978 habendam
1023 2930 1097 2979 esse
1125 2911 1176 2978 his
1208 2911 1242 2979 in
1263 2911 1343 2979 locis

229 3021 386 3088 arbitror:

318 3128 398 3214 Agr,
416 3125 471 3194 13:
495 3129 650 3194 Britanni
665 3128 810 3194 dilectum
825 3135 855 3193 ci
869 3127 988 3193 triburin
1004 3136 1033 3194 ct
1054 3131 1197 3195 iniuncto
1218 3131 1344 3215 irruperit

229 3259 362 3305 narcara
384 3239 518 3325 irnpiprc
541 3236 660 3302 obeant.

318 3343 402 3411 Arm.
414 3344 466 3411 XI
482 3341 537 3411 18:
549 3346 707 3427 stationes,
724 3345 861 3431 oipiiinc,
876 3344 996 3410 dinrna
1012 3353 1224 3431 noctnrnupnc
1235 3346 1345 3409 rnnnin

230 3456 266 3518 in
288 3456 386 3519 uronis
408 3452 622 3539 apitndantnr.
839 3453 842 3457 ’

317 3560 359 3626 Η.
383 3556 491 3626 1176:
510 3561 640 3646 popinis
663 3569 691 3627 ct
719 3561 1018 3628 concinissniionibns
1040 3570 1069 3627 ci
1091 3562 1252 3646 principis
1275 3561 1344 3624 irni-

230 3670 355 3734 tutione.

317 3775 359 3843 H.
375 3776 411 3842 H
437 3773 494 3843 80:
525 3776 689 3842 Caesarem
712 3784 741 3841 ct
762 3777 942 3865 Anpnsirnn
963 3784 992 3842 ci
1014 3778 1121 3843 ornnin
1140 3777 1344 3861 principatus

229 3883 377 3950 cocubalo
399 3885 569 3949 cnmnlorc.

317 3991 359 4057 H.
383 3990 432 4057 IV
454 3987 511 4056 74:
530 4012 628 4076 penes
650 4014 725 4079 qnos
748 4013 865 4058 nnrnrn
888 3999 916 4057 ci
939 4012 1020 4077 opas.

316 4097 360 4165 H.
384 4098 431 4163 IV
443 4094 500 4163 76:
511 4101 683 4183 pecaniam
703 4121 740 4165 uc
754 4099 847 4184 donn,
872 4099 983 4186 quibus
998 4099 1073 4165 solis
1087 4106 1342 4184 corrumpantur,
1431 4159 1435 4168 .

229 4207 352 4273 nrniora
373 4205 462 4292 npnd
484 4205 652 4274 canonos.
