2942 4625
687 269 730 339 46

146 460 239 537 atque
264 453 451 537 facinorum
478 451 595 516 circum
622 470 654 515 sc
690 501 696 514 .
733 500 741 514 .
776 457 915 515 cateruas
947 451 1084 516 babdat.
1137 450 1262 517 Contra

147 557 310 625 sexcentis
325 557 405 623 locis
421 557 507 639 apud
522 556 671 623 Tacitum
686 557 824 623 alterum
839 560 946 623 utrum
957 558 1149 625 vocabulum
1165 562 1261 623 extat

147 664 342 751 solum)-
364 661 407 729 50
429 685 484 728 uec
506 667 671 749 quicquan
692 686 787 750 praue
811 673 867 730 aut
886 668 1004 730 seriam
1024 688 1061 730 ea
1091 686 1124 730 ro
1144 674 1264 730 metuas

147 769 201 856 (or
202 770 293 858 )-
316 767 369 837 67
393 770 529 834 cinctura
557 779 586 834 et
612 775 777 835 necessitas
804 772 996 836 silendi-
1018 767 1264 855 6911111111

150 886 180 942 et
201 885 328 962 opertus
350 877 500 961 infancia

238 984 287 1050 IV
310 981 367 1047 11:
397 985 493 1047 insita
523 985 616 1046 etium
644 986 679 1047 in
708 991 869 1048 extraneos
896 989 1088 1049 cunctatione
1111 993 1140 1049 et
1162 1005 1262 1048 rnora.

147 1089 204 1178 (ci.
227 1089 284 1155 VI.
311 1085 355 1154 48
378 1092 603 1154 cunctationem
627 1097 655 1154 et
676 1111 782 1155 moras
804 1091 1005 1156 suadentibus
1027 1094 1145 1156 annuis.
1176 1090 1263 1156 Plin.

149 1215 189 1278 ep
212 1197 243 1261 V
265 1193 296 1278 8,
322 1192 364 1260 14
387 1218 426 1261 ne
447 1198 515 1261 alia
542 1217 655 1261 rursus
682 1202 887 1261 cunctationis
902 1206 930 1262 et
948 1219 1053 1262 morae
1075 1202 1159 1262 iusta
1180 1201 1265 1263 ratio

147 1311 256 1368 noscat
256 1324 306 1366 ur.
352 1302 426 1368 San
457 1302 534 1368 de
524 1321 575 1367 1ra
602 1302 620 1367 I
649 1299 691 1367 10
720 1302 840 1368 Fabius
867 1306 1010 1368 cunctari
1038 1312 1102 1369 ett
1089 1305 1211 1368 trahere
1236 1312 1266 1368 et

148 1412 268 1473 morari
290 1411 367 1473 sciri
367 1411 474 1491 t.)-
497 1404 550 1473 20.
567 1410 682 1494 fatae
667 1417 799 1474 etsorte
820 1410 1047 1475 manendi.-
1069 1406 1122 1475 28.
1147 1411 1267 1474 inluuie

148 1537 185 1580 ac
212 1516 355 1600 squalore
383 1515 577 1579 obsitus-
599 1512 651 1579 69.
681 1518 780 1579 anaia
810 1524 838 1580 et
862 1537 983 1599 pauens
1010 1519 1084 1581 cinit
1085 1538 1198 1580 as.-
1154 1512 1267 1581 -70

146 1624 266 1706 quaesit
266 1643 320 1685 ura
352 1622 593 1707 meditatamque
628 1619 690 1707 (Vl
734 1618 777 1686 24
816 1623 946 1688 meditat
900 1631 982 1688 tatas
1019 1626 1263 1708 compositasque

148 1728 265 1811 diras.)

236 1833 284 1899 VI
313 1830 334 1899 8
362 1835 545 1900 indistincta
573 1835 647 1899 baec
675 1835 815 1919 defensio
844 1842 873 1899 et
898 1839 1078 1920 promiscua
1113 1835 1268 1900 dabitur?

149 1939 227 2027 (or.)
251 1977 295 1987 -
318 1937 371 2005 51.
395 1942 545 2006 occulturn
567 1963 604 2006 ac
626 1941 789 2005 subdolum
804 1942 967 2027 pincenatis
989 1942 1166 2007 uirtutibus.

236 2046 300 2112 Hic
321 2046 508 2129 paullisper,
533 2046 562 2113 si
592 2047 713 2129 placet,
749 2046 981 2131 subsistentes,
1016 2066 1267 2130 percenseamus

150 2152 238 2219 locos
253 2152 390 2218 maxime
405 2152 579 2225 notabiles:
604 2153 782 2235 reperimus
807 2154 930 2236 ,stirps‘
954 2154 1046 2220 iuxta
1070 2152 1266 2237 ,progenies‘

151 2257 201 2346 (Π
222 2256 291 2346 37),
315 2260 391 2326 aula
418 2257 546 2343 ,dirisa‘
573 2259 706 2342 insuper
734 2259 881 2344 ,discors‘
910 2262 1094 2344 appellatur
1121 2260 1171 2348 (Π
1193 2258 1267 2347 43),

153 2366 246 2447 quasi
267 2366 412 2433 homines
428 2366 625 2434 factionibus
641 2366 794 2434 distracti
810 2368 1005 2447 concordare
1028 2372 1172 2450 possent,
1189 2367 1268 2433 Piso

150 2473 443 2557 ncnsolumabit,
468 2473 648 2540 sedetiam
682 2472 770 2540 cedit
802 2475 882 2539 urbe
920 2473 969 2559 (H
1003 2472 1075 2560 34),
1114 2474 1267 2541 Tiberius

151 2583 330 2667 exspectat,
343 2579 418 2646 dum
433 2579 518 2646 falsa
531 2585 564 2646 et
576 2584 721 2662 tempore
734 2585 769 2645 et
784 2580 891 2660 spatio
903 2577 1267 2667 1111111111(Π82).1)

153 2672 266 2767 Neque
290 2685 387 2751 aliter
402 2686 513 2770 verba,
537 2706 601 2752 non
617 2686 817 2753 sententiam
831 2686 1016 2754 immutavit
1031 2687 1180 2769 scriptor,
1198 2706 1271 2753 cum

152 2791 321 2858 remissam
360 2798 395 2858 et
432 2792 616 2875 mitigatam
650 2812 724 2859 esse
762 2798 915 2858 narraret
953 2794 1097 2859 nonnihil
1129 2793 1271 2875 priorem

154 2899 365 2967 severitatem
393 2897 460 2985 (ΙΠ
488 2897 560 2984 34),
596 2919 667 2967 cum
695 2900 868 2967 scriberet:
908 2899 1025 2966 silendi
1051 2900 1213 2966 rmculum
1236 2905 1271 2965 et

153 3006 333 3073 necessitas
346 3005 414 3092 (HI
425 3003 493 3093 67),
506 3026 577 3073 cum
593 3006 761 3075 civitatem
773 3007 897 3073 diceret
908 3007 1038 3073 anxiam
1050 3011 1084 3072 et
1094 3011 1268 3089 paventem

155 3111 217 3200 (IV
240 3110 307 3199 69),
343 3131 415 3178 cum
442 3113 663 3180 defensionem
685 3114 867 3196 postulares
893 3112 1115 3178 indistinctam
1139 3118 1173 3178 et
1195 3132 1267 3194 pro-

154 3219 286 3285 miscam
309 3217 372 3304 (Vl
388 3215 434 3305 8).
452 3258 495 3267 -
510 3218 635 3303 Quibus
658 3239 699 3286 ex
715 3219 870 3301 exemplis
894 3217 1043 3303 (quorum
1065 3218 1167 3284 maior
1189 3237 1266 3300 pars

154 3345 219 3393 nen
241 3345 283 3391 ex
305 3324 506 3393 orationibus
529 3330 659 3407 sumpta
683 3324 748 3410 est)
772 3343 867 3406 spero
891 3325 971 3408 iore,
995 3331 1032 3391 ut
1055 3325 1153 3390 etiam
1168 3324 1270 3390 bisin

158 3432 260 3515 libris,
296 3437 451 3513 quantum
475 3433 602 3514 quidem
635 3432 677 3497 ad
704 3450 955 3513 synonymorum
978 3450 1079 3512 usum,
1114 3431 1269 3496 nonnulla

158 3539 323 3606 abundare
347 3538 484 3605 eluceat.

246 3734 602 3805 1)11111111111111111111
619 3732 1271 3802 1111111111,1111111111.11111.111131,
1368 3730 1377 3751 1
1468 3708 1469 3725 ¹

156 3825 187 3881 2:
206 3827 268 3879 dcto
287 3827 375 3894 spatio
394 3842 426 3877 ac
437 3831 563 3892 ternpore,
589 3823 732 3891 vulgarem
744 3823 816 3878 hunc
828 3837 929 3877 merem
940 3822 1068 3889 loquendi
1085 3821 1170 3878 fuisse
1187 3826 1270 3890 putat

157 3914 318 3983 longiusque
336 3912 466 3981 temporis
484 3911 603 3980 spatium
625 3927 656 3965 co
680 3911 837 3980 significari.
874 3910 927 3964 Sed
950 3909 1015 3965 licet
1038 3910 1164 3979 vulgaris
1187 3910 1272 3966 fuerit

157 4003 224 4056 haec
242 4001 332 4066 diutia
362 4016 416 4054 non
434 4001 522 4054 minus
541 3999 632 4054 crebro
650 3999 722 4067 apud
742 3999 795 4054 Cic.
814 3999 889 4053 Caes.
909 4004 1012 4055 ceteros
1030 3999 1088 4054 rim
1105 4000 1149 4052 hic
1167 3999 1272 4053 duabus

158 4088 270 4144 vocibus
294 4101 450 4156 expressam
473 4087 554 4141 alteri
578 4086 627 4141 soli
648 4087 738 4143 inesse
765 4087 926 4142 invenimus.
964 4088 998 4142 ci.
1018 4087 1112 4142 lustin
1129 4088 1159 4140 H
1177 4087 1219 4152 15,
1239 4085 1271 4140 6:

159 4177 229 4228 diem
246 4176 278 4227 cle
297 4177 340 4226 die
354 4175 521 4241 proferendo
539 4177 657 4242 spatium
676 4178 883 4229 consummando
902 4180 979 4245 operi
997 4178 1146 4245 qumrcbat.
