2942 4625
693 261 736 328 40

162 442 312 507 militibus
334 450 408 506 uota
431 450 458 505 et
473 441 660 526 familiaria
682 448 794 504 castra.
811 478 855 486 —
870 437 922 505 86.
954 461 1015 524 pro
1036 443 1127 504 certis
1147 448 1177 504 et
1199 441 1277 503 olim

158 552 264 633 portis
291 569 381 631 noca,
416 547 571 631 ambipua‚
606 548 759 629 ancipitia
787 547 919 610 malebat
947 544 1003 631 (of.
1033 547 1072 610 A.
1101 546 1127 627 Ι,
1159 544 1215 609 11.
1241 549 1277 608 iu

164 657 315 719 incertum
339 661 366 717 et
388 653 568 738 ambipuum
590 655 690 738 mapis
712 651 956 736 implicabatur.)
969 649 1077 716 -86,
1101 674 1225 715 mouere
1250 659 1278 715 et

164 767 331 847 quatere..
355 759 595 845 apprecliuntur.
608 756 714 823 -91.
740 781 818 844 quae
837 765 1019 844 protasome
1042 766 1070 822 et
1087 760 1277 841 popularia,

164 870 194 931 si
209 888 229 930 a
245 865 411 930 uirtutibus
422 865 703 949 proficiscerentur,
730 870 880 929 memoria
895 867 976 928 uitae
986 867 1109 948 prioris
1124 865 1279 928 indecora

165 980 193 1037 et
216 973 292 1036 eilia
315 971 556 1055 accipiebantur.

251 1078 303 1142 III
327 1074 346 1141 3
369 1084 405 1140 ut
427 1084 533 1140 cautos
555 1097 671 1161 quoque
686 1099 723 1140 ac
733 1078 884 1160 procilos
899 1086 1099 1160 permaneret.
1125 1075 1182 1162 (of.
1201 1075 1279 1142 Liv.

165 1181 265 1250 XXV
288 1180 340 1265 34,
376 1179 396 1245 7
443 1182 549 1266 Scipio
573 1183 639 1247 dua
661 1192 771 1247 cautus
794 1191 822 1246 et
838 1183 1002 1267 prouidus.
1039 1182 1152 1247 XXIV
1175 1178 1208 1263 8,
1236 1180 1280 1245 13

163 1290 443 1376 prouidendumae
454 1289 705 1373 praecauendum
727 1290 810 1353 uobis
833 1297 884 1353 est.
917 1288 980 1354 Cio.
994 1288 1061 1370 phil
1077 1286 1128 1370 12,
1153 1285 1208 1369 10,
1235 1285 1280 1352 25

162 1417 330 1481 possumne
353 1395 453 1458 oieleri
475 1397 553 1459 satis
568 1402 686 1478 cautus,
711 1398 789 1459 satis
799 1394 990 1480 prooielusl)
1008 1432 1051 1442 —-
1068 1393 1118 1459 13.
1141 1416 1220 1480 quos
1244 1443 1278 1457 ..

158 1503 310 1588 fuderint
331 1505 567 1586 straverintque.
580 1539 623 1547 -
635 1497 687 1564 22.
696 1504 824 1584 paratis
846 1504 909 1564 iam
932 1503 1148 1586 dispositisque
1164 1502 1278 1564 Flaui·

166 1612 246 1673 anis.
270 1646 314 1654 -
337 1604 389 1672 23.
423 1615 459 1672 ut
481 1609 541 1671 tela
556 1628 651 1672 ooouo
667 1616 759 1691 atque
773 1616 881 1690 aperto
903 1615 1125 1672 excuterentur.
1149 1645 1194 1653 —
1223 1603 1279 1670 24.

162 1717 324 1798 principes
346 1721 543 1799 auctoresque
566 1714 636 1777 belli
660 1712 715 1797 (cf.
732 1713 805 1778 Liv.
822 1714 881 1778 XI.
906 1711 949 1778 50
967 1718 1129 1797 principes
1151 1722 1181 1777 et
1203 1735 1277 1777 auc-

168 1829 249 1886 tores
276 1819 515 1885 transcendendi
542 1818 663 1905 Alpes.)
693 1858 738 1866 —
760 1816 816 1885 36:
850 1828 886 1883 ut
915 1824 1029 1907 ipnaoa
1055 1821 1210 1883 animalia
1236 1868 1243 1882 .
1269 1868 1276 1880 .

167 1931 269 1992 iacent
291 1935 479 2013 torpentque.
503 1964 547 1973 —
574 1925 653 1990 ibid:
689 1927 779 1990 illum
794 1930 829 1989 in
843 1948 965 1991 uanore
985 1928 1117 1990 Aricino
1139 1927 1278 1991 (leudem

172 2042 200 2098 el
233 2041 417 2097 marcentem
446 2082 453 2096 .
485 2082 492 2096 .
517 2034 662 2117 perculit.
696 2070 741 2078 —
776 2029 827 2096 38.
872 2041 946 2096 uota
976 2081 983 2095 .
1009 2081 1015 2095 .
1039 2032 1135 2096 Junii
1167 2033 1279 2096 Blaesi

168 2160 251 2205 mors
267 2148 295 2203 et
309 2141 440 2224 famosa
455 2141 537 2224 fuit.
554 2176 597 2186 -
612 2136 692 2203 ibid:
716 2147 864 2202 maestam
879 2147 908 2201 et
914 2139 1083 2223 funebrem
1094 2146 1221 2202 noctem
1234 2175 1277 2183 -

169 2243 221 2310 60.
257 2249 419 2309 uictoriam
441 2245 579 2308 consiliis
602 2252 630 2308 et
651 2247 774 2308 ratione
795 2245 905 2328 perfici
927 2243 983 2329 (of.
1010 2245 1063 2309 ΠΙ
1078 2241 1130 2308 20.
1153 2247 1278 2308 ratione

169 2361 198 2418 et
212 2354 349 2435 oonsilio,
360 2354 505 2435 propriis
520 2352 608 2416 ducis
622 2351 758 2436 artibus)
774 2389 818 2397 —
834 2347 885 2415 63.
909 2351 952 2415 acl
971 2353 1124 2434 proelium
1140 2336 1279 2416 intentus

170 2466 358 2542 ornatusque
381 2452 437 2542 (of.
461 2457 503 2521 H.
527 2455 610 2522 162
633 2461 778 2522 instructi
806 2461 975 2542 intentique
1003 2461 1127 2543 sipnum
1149 2459 1278 2542 profec-

170 2568 264 2630 tionis
286 2570 461 2648 euposeunt.
507 2563 546 2627 A.
574 2563 609 2627 Π
631 2560 674 2628 16
697 2567 834 2628 intentus
851 2573 1044 2648 paratusque
1066 2565 1161 2627 miles.
1197 2563 1276 2628 Sall.

171 2671 242 2737 aas.
287 2667 330 2734 27
369 2670 492 2733 lortari
502 2720 511 2750 ‚
558 2676 593 2733 ut
636 2690 755 2753 semper
799 2672 911 2734 intenti
955 2674 1125 2755 paratique
1169 2677 1277 2733 essent.

170 2778 247 2859 Jug.
272 2773 323 2857 49,
348 2773 368 2840 3
387 2775 523 2860 proinde
539 2778 652 2859 parati
674 2779 842 2860 intentique
865 2784 970 2840 essent.
1002 2774 1053 2857 53,
1089 2774 1109 2840 5
1133 2777 1279 2840 instructi

172 2886 343 2968 intentique
366 2882 486 2947 obuiam
503 2880 703 2967 procedunt.)
727 2919 771 2928 -—
794 2879 846 2946 81.
881 2904 935 2946 nec
963 2883 1183 2966 dementum
1201 2903 1277 2965 pro-
1320 2914 1322 2917 ·

167 2991 320 3075 pellerent
336 2991 622 3074 proculcarentque.
639 3025 683 3035 -·-
698 2984 751 3052 82.
764 3010 801 3051 ne
817 2990 938 3072 templis
952 2989 1074 3073 quidem
1089 3010 1126 3053 ac
1141 2988 1278 3052 olelulris

172 3097 300 3161 oleorum
333 3098 510 3161 consuleret.
540 3133 583 3143 -
612 3091 655 3159 84
683 3098 719 3158 in
752 3095 916 3159 Palatium
949 3095 1126 3180 reproditur
1158 3103 1278 3158 uastum

172 3203 393 3287 desertumque.
428 3200 484 3288 (af.
509 3200 574 3266 cio.
598 3200 683 3265 Rull.
705 3201 740 3265 H
755 3196 798 3265 26
825 3222 921 3286 penus
942 3222 1116 3285 aprorum.
1135 3251 1141 3264 .
1158 3209 1278 3265 austum

172 3318 263 3395 alque
286 3310 447 3373 desertum.
482 3306 546 3372 Liv
567 3306 716 3371 XXVHI
732 3305 772 3370 11
802 3328 914 3393 aprum
928 3315 1048 3371 uastum
1063 3329 1100 3371 ae
1114 3308 1275 3371 desertum.

173 3415 262 3482 (luri.
279 3415 329 3480 IX
345 3412 397 3496 10,
414 3410 435 3478 8
449 3414 602 3476 maritimi
623 3413 699 3476 Incli
716 3463 723 3477 .
742 3463 748 3476 .
766 3414 918 3477 desertam
933 3422 1110 3498 ‘vastamus
1124 3417 1277 3500 repiouem

175 3524 236 3587 late
259 3518 387 3605 tenent.)
410 3556 455 3567 -
477 3515 519 3583 86
542 3540 654 3583 nomen
675 3521 832 3604 boumque
860 3523 943 3584 inter
959 3523 1116 3603 primores
1138 3520 1276 3603 adeptus.

262 3624 363 3693 1V15
375 3628 469 3710 napos
480 3632 508 3689 et
514 3628 606 3708 pacis
616 3627 705 3690 moolo
718 3627 831 3710 effusos
842 3628 933 3690 linos.
958 3624 1014 3711 (cf.
1038 3626 1090 3690 HI
1111 3622 1153 3689 48
1164 3629 1276 3689 incom-

170 3737 310 3820 positum
337 3740 366 3797 et
393 3730 539 3814 cupidine
557 3733 697 3815 praedae
725 3753 839 3817 napum
860 3731 998 3817 bostem.)
1022 3769 1066 3778 —
1089 3729 1140 3796 17.
1170 3735 1276 3815 prima

176 3844 241 3906 aeie
267 3841 383 3925 susum
410 3840 581 3923 uictumque
609 3837 793 3902 Romanum.
823 3875 867 3884 -
895 3835 938 3902 22
961 3839 1159 3923 depromptae
1192 3839 1277 3901 siluis

177 3949 312 4030 lucisque
327 3948 479 4031 ferarum
500 3946 651 4029 inopinos
674 3942 752 4028 (non
775 3943 974 4025 distinguere
998 3943 1145 4009 Tacitum
1167 3944 1277 4008 harum

178 4052 293 4116 vocum
323 4048 472 4113 notiones
506 4048 683 4112 clarissime
717 4050 822 4112 elucet
849 4067 866 4112 c
894 4048 933 4113 G.
962 4047 1013 4131 39,
1057 4049 1112 4114 ubi
1146 4049 1277 4114 eandem

179 4152 344 4229 regionem
370 4150 504 4229 primum
532 4152 656 4235 silvam,
683 4156 751 4217 tum
777 4152 882 4217 lucum
908 4154 1061 4235 appellat,
1090 4173 1160 4220 oum
1187 4154 1276 4219 dicit:
