2942 4625
637 216 660 285 8

88 422 259 489 personam
280 399 446 466 notabilem
469 407 498 465 ct
520 419 590 465 cnm
612 393 798 464 auctoritate
820 397 986 465 dicturam.
1024 392 1077 480 12,
1102 393 1144 462 19
1160 397 1211 461 dis

92 511 212 597 penitas
238 529 402 594 sacrasque
429 529 525 595 repes.
572 501 624 587 28,
649 501 692 571 29
715 508 840 572 sincera
862 513 892 572 et
913 508 1038 593 intepra
1062 512 1091 569 et
1112 504 1210 568 nullis

88 616 304 702 pravitatibus
319 616 441 682 detorta
455 619 553 680 nnius
567 616 714 699 caiusque
730 622 858 678 natura.
895 610 947 696 33,
965 609 986 677 2
1001 620 1037 677 ut
1052 611 1210 677 incboasse

92 746 134 794 ac
149 725 233 792 oelut
255 726 385 811 ocstipia
408 744 445 788 ac
469 722 653 787 liniamenta
669 721 837 786 ostendisse
860 705 1008 786 ridearis.
1040 715 1153 802 1112
1176 721 1212 783 in

93 832 199 898 media
227 833 294 897 lnce
322 838 413 918 atquc
440 833 523 894 inter
550 831 622 913 ipsa
649 828 845 893 discrimina.
904 825 956 910 35,
982 823 1023 892 17
1047 828 1211 893 suasoriae

94 933 253 1026 tamqnam
277 939 405 1024 leuiores
428 945 456 1003 et
478 938 583 1001 minus
601 934 793 1021 prudentiae
817 940 980 1023 ceipentas.

182 1045 262 1128 Agr.
277 1041 318 1111 16
331 1048 478 1112 innocens
489 1044 633 1122 Bolanus
645 1051 674 1109 et
684 1045 782 1109 nullis
793 1042 914 1109 delictis
925 1046 1054 1108 inrisus.
1078 1041 1159 1125 Agr.
1167 1038 1210 1106 34

93 1156 123 1219 si
145 1175 243 1219 riooae
265 1160 369 1240 pentes
391 1160 483 1239 atquc
505 1155 614 1239 ipnota
635 1152 718 1216 acies
740 1152 933 1216 constitisset.
980 1149 1089 1216 Germ.
1105 1146 1136 1213 2.
1161 1169 1210 1213 oo·

94 1262 239 1327 cabnlnm
261 1281 367 1326 recens
393 1268 423 1325 ct
437 1280 540 1345 nuper
562 1258 716 1324 additum.
763 1254 794 1323 4.
814 1260 983 1343 propriam
1006 1266 1035 1322 ct
1056 1260 1210 1322 sinceram

94 1379 123 1434 ct
146 1377 268 1435 tautum
291 1370 343 1433 sui
365 1368 496 1434 similem
518 1373 648 1454 pentem,
664 1402 709 1413 -
724 1364 781 1431 ubi
794 1375 924 1433 monere
947 1363 1054 1449 velim,
1078 1361 1211 1430 adiecti·

94 1495 209 1545 vorum
230 1474 265 1543 in
286 1494 419 1542 numero
441 1475 539 1557 longe
555 1470 750 1539 creberrime
764 1471 799 1538 in
814 1470 949 1539 vocibus
964 1494 1079 1555 recens,
1100 1492 1207 1554 nonus,
1300 1530 1302 1534 .

93 1591 181 1650 oetas
194 1583 281 1650 hunc
295 1602 417 1649 morem
433 1580 603 1648 observari
617 1599 725 1664 posse.
749 1579 938 1647 Perlustres
951 1598 1072 1663 quaeso
1086 1598 1210 1645 meeum

92 1691 152 1757 hos
174 1691 276 1762 locos:
300 1689 376 1757 dial.
393 1687 445 1773 19,
462 1686 506 1755 20
528 1697 620 1755 erant
633 1689 708 1754 baec
722 1710 803 1754 noca
818 1696 848 1755 ct
862 1692 1032 1775 incopnito.
1069 1686 1111 1753 H.
1127 1686 1158 1752 V
1173 1683 1209 1753 A:

94 1820 188 1865 nouos
209 1802 291 1864 ritus
314 1800 547 1884 contrariosque
569 1798 678 1862 ceteris
697 1796 891 1861 mortalibus.
932 1795 972 1861 A.
988 1795 1037 1862 IV
1052 1792 1109 1861 34:
1132 1815 1209 1860 naeo

93 1928 131 1971 ac
147 1913 222 1971 tnnc
234 1908 375 1991 primam
398 1905 507 1970 audito
522 1907 663 1969 crimine.
695 1902 764 1969 XII
780 1900 835 1969 37:
852 1924 967 1968 neurim
982 1925 1056 1969 sane
1072 1909 1102 1971 ct
1115 1904 1209 1967 mori·

95 2013 151 2078 bus
173 2020 310 2078 aeteram
333 2014 502 2078 insolitum.
526 2011 613 2078 XIII
628 2009 684 2077 35:
708 2016 800 2098 qnasi
821 2032 903 2076 noca
925 2019 954 2076 ct
968 2015 1052 2075 mira
1067 2015 1208 2077 ruerent.

93 2158 137 2168 -·
153 2118 228 2186 dial.
246 2115 298 2202 16,
316 2115 372 2186 19:
396 2140 451 2207 epo
475 2122 566 2206 enim,
600 2141 670 2185 cnm
692 2119 790 2185 audio
811 2122 967 2205 antiquos,
990 2119 1141 2205 quosdam
1162 2140 1210 2183 oe·

95 2236 174 2292 teres
197 2236 226 2293 et
248 2228 323 2291 olim
344 2235 436 2293 natos
458 2228 611 2316 intellcpo.
667 2226 730 2310 Ag.
754 2223 796 2292 14
819 2234 918 2292 oetmc
940 2247 978 2291 ac
1001 2226 1211 2309 iampridem

92 2343 217 2420 recepta
241 2336 471 2402 consuetudine.
507 2334 546 2402 G.
564 2333 585 2401 5
596 2338 766 2422 pecaniam
784 2335 922 2420 probant
943 2343 1074 2400 remrein
1096 2356 1133 2399 ac
1152 2335 1211 2399 din

93 2450 209 2508 notam.
241 2440 407 2509 mmm:
430 2451 517 2509 octus
539 2465 576 2509 ac
598 2443 811 2528 iampridem
833 2442 930 2507 insita
950 2441 1135 2507 mortalibus
1152 2463 1210 2527 po·
1301 2446 1303 2449 ’

95 2553 209 2616 tentiae
231 2550 355 2636 cupido.
401 2550 450 2616 IV
471 2547 528 2616 76:
561 2558 692 2617 ueterem
714 2558 934 2636 coopertumque
958 2549 1038 2615 belli.
1084 2549 1124 2615 A.
1140 2549 1158 2615 I
1173 2547 1209 2615 4:

97 2666 198 2724 cetera
221 2665 314 2744 atque
336 2659 434 2723 insita
460 2657 615 2724 Claudiae
630 2659 784 2745 familiae
806 2657 963 2743 snperbia.
998 2653 1210 2724 milzenos

93 2773 207 2832 ueteres
230 2773 259 2831 et
284 2766 383 2851 fama
416 2764 591 2831 celebratos.
648 2765 701 2833 ΙΠ
728 2761 784 2829 54:
817 2765 938 2830 morbos
959 2772 1074 2831 actores
1101 2773 1130 2830 et
1153 2766 1210 2837 din

94 2881 209 2939 anctos.
253 2872 302 2939 IV
322 2869 355 2937 A:
379 2880 466 2938 octus
488 2881 517 2938 cl
538 2893 629 2958 saepe
651 2873 834 2938 simulatum
855 2873 1028 2940 consilium.
1051 2872 1138 2938 XIII
1153 2868 1209 2938 19:

94 2988 197 3046 cetera
220 2988 249 3045 et
270 2983 397 3066 saepius
419 2983 485 3046 iam
508 2979 630 3045 andita.
665 2979 748 3047 XIV
763 2976 819 3046 36:
843 2988 929 3046 octus
950 2981 1038 3046 rniles
1061 2988 1089 3047 ct
1111 2981 1210 3046 inulta

89 3089 284 3172 proeliorum
307 3091 509 3173 cooperientia.
543 3087 607 3154 XV
628 3084 664 3154 b:
692 3087 834 3176 Volopcsi
855 3096 942 3154 oetas
955 3068 993 3153 ¹ct
1010 3091 1139 3172 penitus
1161 3089 1209 3152 in·

86 3195 194 3280 finum
216 3202 294 3260 crat.
319 3193 375 3281 (ef.
398 3193 488 3261 infra
508 3215 540 3278 p.
558 3191 615 3282 26)
632 3233 675 3241 -
698 3192 777 3262 (1.7
799 3218 863 3262 non
886 3218 975 3262 casus
997 3217 1052 3261 nac
1066 3197 1210 3282 fortuita

94 3302 286 3389 conplebatio
320 3309 457 3367 turmam
484 3310 541 3368 aut
567 3325 699 3369 cuneum
723 3304 820 3389 facit.
868 3300 911 3368 12
938 3304 1008 3368 licet
1030 3303 1118 3388 apud
1139 3324 1209 3368 can·
1323 3372 1326 3377 ,

94 3411 202 3475 cilium
233 3431 380 3475 accusare
408 3417 437 3475 ct
463 3410 632 3476 discrimen
664 3414 778 3496 capitis
809 3411 979 3476 intendere.
1026 3406 1069 3487 26
1090 3411 1210 3496 foenus

93 3522 217 3606 apitarc
240 3524 269 3582 ct
284 3522 319 3582 in
341 3538 456 3583 usuras
479 3519 641 3584 calenderc
663 3521 805 3606 ipnotum
820 3516 1015 3604 (rectissime
1031 3514 1117 3582 enim
1131 3515 1209 3601 Hal·

94 3623 221 3710 miuml)
243 3642 374 3690 mouere
398 3623 557 3709 existIma
592 3644 656 3692 non
691 3645 766 3692 esse
800 3624 1008 3709 cogitandum
1033 3624 1074 3691 de
1096 3623 1210 3691 fenore

96 3751 137 3799 ex
159 3730 266 3798 usuris
290 3736 399 3814 cept03
434 3751 540 3815 neque
562 3732 647 3800 enim
669 3732 837 3817 probabile
860 3736 921 3816 est,
946 3731 1114 3814 Tacitum(
1139 3750 1210 3797 oum

93 3837 189 3906 fenus
212 3857 276 3904 non
299 3838 357 3922 agi
377 3843 592 3907 memorasset
606 3845 739 3924 ugente
749 3839 937 3908 libidinibus
952 3843 1010 3906 aut
1025 3837 1209 3923 cupiditati-

93 3947 155 4011 bus
177 3945 358 4013 Romanum
379 3946 413 4014 in
447 3967 568 4015 morem
590 3949 730 4016 noudum
756 3953 918 4032 corrupte,
953 3947 1086 4030 insuper
1120 3944 1209 4012 addi·

183 4155 206 4225 ¹)
224 4157 279 4213 1.1.
297 4170 323 4224 1.
342 4159 385 4216 14.
