2942 4625
702 305 746 370 30

163 487 339 569 quaerendo
369 486 481 548 buculo
509 486 602 551 lucos.
649 483 739 559 Quod
769 487 876 550 autem
907 484 1117 548 Doederlinus
1143 481 1179 569 (l.
1204 485 1225 549 l.
1250 484 1286 550 II

161 617 193 678 p.
219 594 262 658 90
285 592 347 679 sq.)
381 591 419 658 G.
444 591 464 656 9
488 598 545 656 aut
568 613 701 678 zeugma
721 593 806 678 quod
829 597 955 669 vocant,
981 593 1081 656 latere
1104 591 1286 658 existimat:

163 703 251 766 lucos
281 699 404 765 habeut
431 702 465 763 et
491 720 623 763 nemora
651 703 853 776 consecrant,
883 702 941 764 aui
973 699 1113 783 prolepsi
1146 700 1287 781 quadam

164 808 419 894 intellegendum
443 828 509 871 esse
532 812 653 872 censet:
682 829 812 872 nemora
835 812 1038 883 consecrant,
1063 810 1100 871 ul
1122 807 1187 871 luci
1209 809 1286 887 siut,

164 916 253 999 prius
276 915 456 979 seuienliac
478 936 593 999 parurn
616 914 806 999 respondero
829 916 993 994 existimo,
1018 937 1100 999 quae
1124 919 1187 978 est:
1211 915 1286 979 deos

164 1022 300 1088 maiores
323 1044 390 1087 esse
413 1023 476 1086 ruli
500 1043 597 1105 quam
621 1023 735 1105 quibus
760 1023 881 1106 templa
904 1026 1117 1099 struerentur,
1141 1022 1174 1084 11
1198 1024 1286 1087 silvis

128 1151 130 1154 ·
165 1130 253 1195 uuila
270 1129 377 1216 effigie
393 1136 587 1195 venerantur
610 1133 782 1214 pariesque
804 1152 915 1194 esrum
938 1130 1073 1214 singulis
1087 1133 1285 1193 consecrant.

165 1237 213 1301 Ac
242 1259 282 1301 nc
315 1237 453 1301 alierum
485 1237 614 1321 quidem
641 1239 854 1303 necessarium
882 1258 949 1302 esse
978 1236 1175 1321 putaverim,
1210 1238 1287 1320 quia

163 1343 250 1409 haud
273 1343 320 1408 ita
344 1347 492 1432 accurate
514 1366 637 1429 semper
659 1349 821 1411 servulum
844 1366 911 1409 esse
931 1345 996 1409 vidi
1019 1344 1150 1409 illorum
1174 1366 1285 1409 vocum

165 1451 389 1517 differentiam.

255 1554 316 1623 Sed
343 1561 382 1622 ui
410 1582 430 1624 c
457 1561 676 1639 deverticulis,
711 1562 746 1625 11
781 1582 863 1644 quac
892 1559 985 1624 modo
1012 1559 1210 1636 secessimus,
1243 1559 1282 1623 ad

165 1670 288 1732 rectum
303 1666 531 1749 disputationis
546 1668 712 1733 tramitem
728 1668 903 1746 redeamus
920 1668 1009 1732 nullo
1025 1666 1091 1731 fere
1106 1666 1285 1732 discrimine

165 1775 404 1859 coniunguntur
428 1774 480 1852 10,
505 1774 563 1839 27:
594 1780 638 1853 (si
660 1779 715 1841 tibi
738 1779 921 1852 Nicostrati)
952 1779 1034 1839 circs
1057 1797 1096 1840 uc
1118 1776 1213 1839 robur
1237 1776 1287 1851 (ol

170 1885 339 1958 dedissent)
354 1881 394 1967 ¹),
417 1904 520 1967 neque
543 1883 608 1948 ulia
632 1906 682 1949 res
706 1889 755 1950 esi
795 1884 851 1960 18,
878 1885 898 1948 8
920 1885 1033 1965 fortius
1060 1893 1089 1946 et
1115 1885 1286 1946 audentius.

168 1990 220 2068 18,
245 1988 435 2072 uolutatus
458 2000 634 2057 eltumcus.
681 1994 736 2072 22,
760 1993 800 2057 21
827 1997 924 2057 cisum
946 2002 974 2055 el
1005 1995 1117 2058 oculos.
1164 1990 1218 2067 26,
1243 1990 1289 2054 34

165 2121 226 2164 uou
265 2100 397 2162 laudare
431 2120 525 2164 ausus
558 2110 603 2164 est
642 2105 701 2166 uisi
734 2106 768 2166 in
801 2103 954 2185 publicum
989 2108 1018 2163 ct
1053 2104 1086 2163 io
1121 2121 1286 2163 commuue.

166 2207 219 2285 30,
244 2205 286 2270 27
317 2210 454 2288 uupustis
483 2217 512 2271 ct
537 2209 688 2273 'breuibus
714 2212 835 2291 finibus.
890 2208 943 2286 33,
975 2206 1018 2272 28
1047 2212 1227 2271 instructum
1259 2216 1288 2269 et

164 2321 287 2401 plenum
310 2318 357 2380 lois
379 2318 497 2379 ortibus
513 2321 656 2384 onmium.
692 2317 746 2395 30,
764 2317 807 2383 34
822 2323 937 2381 scotori
951 2328 979 2381 ct
993 2319 1147 2399 prosequi.
1173 2316 1226 2394 34,
1244 2313 1286 2380 37

168 2427 251 2512 solus
274 2432 303 2486 ct
325 2445 413 2488 uuus.
461 2423 515 2500 36,
540 2424 582 2489 39
607 2436 721 2489 mutum
745 2436 773 2489 ct
797 2428 952 2507 cliopucm.
1000 2425 1052 2499 37,
1077 2424 1122 2487 44
1145 2427 1237 2487 altior
1261 2433 1290 2487 et

167 2533 326 2595 excelsior.
375 2530 428 2607 39,
452 2531 473 2595 9
497 2533 584 2596 liberi
607 2544 635 2596 ct
657 2537 758 2598 soluti.

255 2636 336 2715 Quid
360 2637 444 2721 quod
460 2660 525 2703 uon
540 2639 701 2705 dubitavit
717 2639 854 2721 scriptor
871 2641 939 2704 voci
956 2639 1082 2704 fortiori
1098 2642 1290 2723 postponere

168 2748 315 2820 alierum,
341 2745 429 2810 cuius
446 2747 494 2810 vis
517 2769 557 2812 ex
578 2751 672 2830 purte
695 2750 825 2811 lantum
849 2748 985 2810 alterum
1010 2752 1142 2832 aequat:
1169 2747 1221 2824 13,
1246 2748 1286 2810 21

165 2856 417 2921 sollicitudinibus
440 2864 469 2918 ct
492 2858 575 2919 curis
598 2852 652 2941 (cf.
669 2854 753 2921 Plin.
778 2876 827 2938 ep.
851 2852 884 2918 ΙΙ
912 2858 948 2918 ll
977 2856 1095 2919 Cocsur
1118 2859 1188 2918 milti
1212 2867 1289 2918 ton-

166 2975 229 3028 tum
252 2984 359 3027 curcm
384 2999 425 3009 -
449 2967 573 3028 nimium
596 2974 639 3028 est
662 2968 741 3028 cuim
763 2965 865 3027 dicere
887 2967 1118 3028 sollicitudiuem
1134 2999 1177 3012 —·
1194 2983 1289 3042 pruc-

165 3077 250 3138 stitit.
278 3093 353 3156 pau.
383 3071 437 3148 41,
464 3076 480 3136 l
510 3075 594 3155 [cres
622 3094 729 3137 curum
757 3081 786 3136 ct
812 3074 1040 3136 sollicitudiuem
1074 3067 1289 3153 consularem.)

168 3181 221 3257 27,
246 3179 266 3244 3
288 3183 397 3262 fracto
420 3191 449 3244 et
471 3183 626 3244 deminuto
649 3183 830 3263 eloquentia.

255 3285 339 3351 Huic
367 3289 585 3372 exemplorum
614 3308 745 3352 numero
774 3288 940 3370 aliquanto
970 3286 1072 3351 minor
1103 3283 1224 3350 accedit
1250 3305 1288 3347 ex

168 3395 368 3481 Agricola,
396 3395 452 3460 ubi
476 3398 581 3460 extat:
605 3394 668 3481 Ag.
694 3396 710 3457 l
736 3399 809 3458 cicit
832 3417 871 3458 uc
892 3415 1094 3477 supcrprcssu
1118 3404 1163 3456 cst
1185 3396 1284 3455 uirtus

168 3502 377 3588 (quamquam
405 3503 501 3568 aliter
524 3504 562 3568 de
589 3503 649 3567 hoc
677 3503 746 3566 loco
775 3501 1022 3587 Peerlkampum
1045 3501 1112 3566 vidi
1138 3501 1288 3577 iudicare,

167 3613 237 3696 qui,
273 3613 424 3695 quonium
453 3634 490 3676 eu
520 3614 659 3688 lantum,
689 3632 771 3693 quae
793 3610 991 3696 supergressi
1014 3607 1129 3685 simuS,
1164 3609 1290 3673 vincere

241 3899 263 3966 ¹)
283 3900 389 3954 Contra
407 3902 442 3952 Η.
461 3897 475 3951 Ι
497 3899 530 3955 87
562 3899 590 3954 ΙΙ
616 3900 647 3953 11
676 3897 855 3954 Wotfflinum
884 3896 965 3967 (phil.
993 3895 1079 3961 XXV,
1111 3896 1172 3959 133)
1212 3895 1290 3948 recte

169 3989 239 4058 pulo
257 3987 406 4054 monuisse,
426 3989 526 4043 horum
545 3988 694 4043 verborum
714 3988 845 4043 notiones
863 3987 921 4041 iam
941 3985 1106 4040 distinctius
1132 3983 1290 4056 segregari,

169 4076 211 4130 itu
229 4078 262 4129 111
280 4075 354 4129 vires
374 4076 526 4146 significet:
546 4077 723 4133 numerischc
743 4077 864 4140 Slurke,
882 4077 981 4130 robur:
1006 4074 1190 4131 morulischer
1208 4073 1288 4127 Hctt.

241 4164 262 4231 ²)
281 4164 404 4228 Quorum
423 4166 559 4220 nonnulla
578 4167 736 4238 composuit
754 4166 788 4220 V.
809 4167 840 4219 D.
859 4166 1025 4220 Hucbnerus
1039 4164 1068 4218 11
1087 4164 1208 4218 Hermae
1229 4162 1285 4216 vol.

170 4254 183 4307 1
203 4270 230 4325 p.
250 4251 314 4307 446.
