2942 4625
715 285 785 353 -35

206 483 270 531 uno
293 463 440 532 alterove
460 463 495 529 in
516 463 586 529 loeo
612 462 756 529 laborem
778 464 934 531 rusticum
960 462 1212 546 intellegendum
1239 482 1312 532 esse

206 571 356 653 cuiquam
377 570 585 652 persuadeas.
632 568 717 652 Quin
751 569 850 652 ergo?
895 589 970 637 num
992 570 1141 638 Tacitum
1173 572 1208 637 in
1235 571 1315 639 Ger-

204 678 334 745 maniae
360 677 442 743 libro
470 677 567 743 aliam
599 676 663 744 illis
690 676 825 744 vocibus
848 678 914 744 vim
947 677 1101 744 tribuisse
1135 683 1316 745 statuemus

205 791 308 867 atque
328 784 363 850 iu
389 783 507 850 ueteris
530 782 643 849 libris?
690 783 780 866 Quae
808 784 911 866 qualis
940 784 984 849 sit
1009 784 1167 868 habenda,
1204 786 1315 852 dubito

206 912 250 958 an
289 890 371 957 satis
414 890 581 956 enucleate
623 890 814 957 ostendatur
855 890 895 964 A.
935 892 951 955 Ι
989 889 1049 976 35,
1099 891 1155 957 ubi
1195 891 1316 958 milites

204 996 356 1066 seditiosi
379 1000 556 1078 queruntur
579 996 730 1063 duritiam
756 1015 888 1077 operum
913 1015 952 1063 ae
977 997 1118 1078 propriis
1133 997 1314 1065 nominibus

206 1106 359 1172 incusant
381 1103 510 1186 vallum,
535 1102 652 1186 fossas²
673 1103 784 1184 pabuli
799 1103 955 1170 materiae
970 1103 1131 1187 lignorum
1146 1104 1317 1188 adgestus3

207 1214 290 1278 haee
311 1210 412 1293 igitur
435 1209 505 1276 fere
529 1228 660 1291 operum
682 1228 763 1278 roee
787 1210 1013 1292 comprehendi
1034 1210 1229 1293 putabimus.
1254 1211 1319 1278 Sed

209 1318 315 1399 paullo
337 1315 426 1382 inira
448 1303 625 1383 veteranus
648 1316 740 1382 miles
764 1335 805 1382 ne
827 1317 862 1383 in
884 1318 982 1382 isdem
1004 1318 1161 1384 labulbus
1182 1324 1319 1385 mortem

212 1425 307 1490 obeat
340 1422 526 1503 expostulat
559 1442 662 1504 neque
697 1422 869 1504 quidquam
900 1423 988 1488 aliud
1015 1423 1049 1490 in
1084 1424 1188 1491 animo
1220 1425 1320 1490 habet

210 1530 275 1595 nisi
303 1547 402 1611 opera
436 1547 535 1610 supra
567 1534 764 1595 enumerata.
810 1529 948 1597 durabit
969 1530 1133 1611 respicere
1157 1531 1255 1597 etiam
1276 1531 1319 1596 H.

209 1637 245 1703 Π
273 1633 315 1702 62
342 1628 546 1722 deqeuerabat
574 1658 594 1700 a
618 1637 721 1701 labare
744 1658 781 1701 ae
802 1639 917 1702 uirtute
937 1638 1024 1703 miles
1044 1637 1085 1704 H.
1101 1636 1154 1703 ΠΙ
1170 1634 1211 1704 69
1234 1639 1322 1703 railes

214 1793 220 1808 .
245 1793 252 1807 .
276 1743 435 1807 laboribus
468 1750 497 1807 et
524 1744 642 1828 uiqiliis
659 1763 780 1827 purum
802 1747 938 1810 iuteutus
959 1744 1001 1810 Η’.
1025 1742 1143 1811 11184
1168 1745 1326 1836 quidquid,

212 1858 254 1915 tot
281 1850 414 1933 proeliis
447 1849 563 1915 laboris
596 1871 633 1913 aa
661 1852 800 1933 periculi
832 1851 1016 1917 hausissent.
1062 1851 1148 1917 Hine
1176 1850 1249 1917 duni
1270 1870 1321 1917 une

211 1974 329 2037 passus
353 1975 423 2023 sum
447 1955 489 2021 ad
512 1974 582 2020 eam
606 1954 796 2039 opinionem,
820 1961 857 2022 ut
872 1957 1028 2040 Tacitum,
1053 1957 1108 2024 ubi
1130 1957 1196 2024 ista
1220 1960 1322 2026 verba

212 2062 385 2145 coniunxit,
409 2062 564 2128 bellorum
585 2063 714 2128 labores
738 2063 942 2143 spectavisse
964 2083 1114 2130 censeam
1141 2083 1180 2130 ae
1207 2083 1321 2132 uorem

212 2169 319 2251 operis
343 2187 380 2234 eo
404 2167 569 2235 addidisse
593 2168 735 2253 oonsilio,
770 2175 808 2236 ut
829 2169 991 2237 notionem
1023 2171 1122 2237 latius
1156 2174 1323 2252 patentem

211 2276 319 2358 paullo
342 2274 531 2359 angustiore
554 2275 675 2343 oertius
699 2275 874 2365 deliniret.)

302 2380 408 2451 (1.10.
443 2384 583 2448 surculos
607 2433 614 2446 .
640 2433 647 2447 .
671 2391 781 2450 temere
805 2393 833 2450 et
848 2386 988 2469 fortuito
1010 2394 1173 2474 sperquut.
1186 2387 1324 2452 —ibiels

214 2511 362 2576 equoruru
384 2511 501 2575 quoque
518 2493 690 2576 praesepia
718 2513 755 2555 aa
781 2495 916 2558 moaitus
943 2497 1081 2576 experiri
1116 2492 1172 2579 (ef.
1196 2494 1238 2558 H.
1262 2491 1322 2558 13

213 2598 296 2661 eaelo
320 2605 463 2681 terraque
492 2598 645 2683 proaliqiu
673 2605 702 2662 et
716 2599 895 2683 faluiuuut
923 2603 1057 2666 raouitus
1080 2607 1108 2665 et
1142 2601 1324 2674 futurorum

207 2706 390 2789 praesepia.
437 2703 475 2767 A.
500 2703 563 2768 XV
586 2700 638 2768 74.
662 2705 706 2768 ed
728 2708 904 2788 auspicium
919 2714 947 2771 11
964 2709 1169 2792 praesepium
1185 2708 1323 2792 futurae

211 2811 343 2875 altinate
365 2809 571 2894 trahebatur.)
595 2848 638 2857 —-
662 2808 713 2875 11.
744 2815 807 2875 uisi
835 2813 911 2897 quid
931 2804 1107 2897 fortuitum
1133 2821 1162 2878 11
1189 2812 1325 2877 subitura

212 2917 326 2982 iaeidit
354 2914 503 3001 (quaeum
525 2915 674 2983 conferas
698 2915 773 2981 dial.
799 2914 850 2998 10.
886 2914 928 2981 37
956 2919 1102 2983 dictionis
1114 2919 1274 3002 fortuitae
1297 2927 1325 2982 et

212 3023 333 3089 sabatae
356 3021 513 3108 impetus.)
548 3060 591 3069 -
627 3020 682 3086 14:
706 3024 827 3108 insuaue
849 3045 887 3087 ae
904 3024 1099 3106 probrosum.
1128 3063 1172 3072 —
1198 3024 1323 3090 itidem:

208 3132 342 3215 quiquam
365 3137 393 3194 11
414 3132 499 3194 iuers
526 3130 650 3194 uidetur
684 3126 741 3213 (ef.
772 3128 845 3194 Seu.
870 3129 910 3194 de
937 3129 988 3195 ira
1015 3131 1068 3196 ΙΠ
1096 3128 1115 3195 3
1145 3134 1196 3195 ira
1220 3140 1325 3215 erepta

213 3241 363 3301 iuerraeru
385 3239 525 3300 auiruura
548 3244 576 3300 et
604 3236 647 3300 ael
675 3243 806 3300 eouatus
833 3257 962 3322 raequos
979 3240 1111 3323 piqruru
1137 3240 1326 3323 inertemque

207 3343 369 3427 1111)-
386 3339 441 3407 15:
447 3343 646 3427 fortissimus
658 3345 786 3428 quisque
798 3364 834 3406 ae
846 3341 1101 3409 bellicosissimus.
1114 3381 1157 3390 --
1171 3342 1222 3408 lb.
1247 3345 1325 3408 dele·

214 3456 291 3534 quta
313 3450 422 3513 domus
450 3457 478 3512 et
503 3453 666 3531 peaatiuru
694 3470 772 3512 eura
808 3446 864 3533 (ef.
889 3445 932 3514 25
955 3471 1044 3515 saara
1067 3454 1193 3536 quisque
1215 3451 1325 3533 sedem,

216 3577 289 3620 suos
306 3563 437 3639 queuntes
468 3556 558 3640 repit.
609 3551 652 3619 32
691 3557 774 3620 iuter
788 3557 955 3640 familiare
978 3565 1006 3621 et
1027 3559 1250 3641 1111111111.)-
1274 3553 1325 3622 16.

217 3663 322 3728 reluat
344 3663 470 3726 disereti
492 3682 529 3725 ae
558 3662 682 3725 diuersi
707 3700 751 3709 -—
773 3661 853 3727 ibid:
877 3662 985 3727 abditu
1009 3671 1037 3727 et
1059 3664 1194 3748 defossa.
1207 3701 1250 3710 —-
1273 3659 1326 3728 20.

216 3771 401 3834 suaatioreua
423 3770 629 3852 artioremque
643 3768 725 3832 buue
747 3790 861 3833 aeuuau
883 3771 1048 3852 suaquiais
1062 3769 1270 3834 arbitrautur.
1285 3807 1328 3818 -

218 3870 271 3939 20.
295 3875 420 3939 heredes
442 3895 684 3959 successoresque
708 3877 759 3939 sui
788 3878 896 3959 auique
925 3873 1024 3938 liberi.
1042 3913 1084 3921 —-
1100 3871 1153 3940 22.
1177 3898 1251 3961 qens
1266 3898 1329 3940 uou

217 3988 322 4045 astula
343 4003 398 4045 aee
421 3981 546 4044 callida.
560 3977 665 4044 —24.
678 4002 742 4045 uou
765 3984 800 4044 iu
822 3988 981 4066 quaestura
997 3989 1054 4046 aut
1068 3982 1245 4046 raereealera.
1270 3980 1327 4065 (oi.

217 4087 260 4153 H.
273 4084 371 4152 Π56.
404 4087 516 4151 Valeas
539 4087 574 4151 ab
597 4089 686 4152 luera
710 4096 738 4152 et
761 4096 904 4172 quaestus
925 4087 1068 4170 iufaruis.
1084 4123 1129 4137 -
1145 4088 1210 4154 Oie.
1233 4086 1328 4154 Verr.

217 4194 272 4259 ΠΙ
284 4191 337 4276 44,
355 4190 420 4258 106
433 4201 554 4257 1111111111
565 4195 603 4258 de
615 4202 744 4278 quaestu
760 4202 788 4258 11
803 4195 888 4257 latero
905 4193 1035 4277 diaara.)
1059 4230 1102 4239 —-
1124 4190 1177 4260 27.
1195 4196 1330 4258 larueuta

1138 4301 1171 4353 3*
