2942 4625
790 285 829 347 21

252 485 341 546 pars,
373 461 557 546 priusquam
583 464 620 526 ad
646 464 825 548 proximum
850 468 947 548 ceput
970 466 1226 550 progrediamur,
1264 466 1371 549 paucis

251 571 464 636 disserendum
489 575 538 635 est
560 573 598 636 de
621 572 726 636 tribus
749 569 841 644 locis,
872 570 941 653 qui,
966 581 1060 657 prout
1084 597 1240 657 quemque
1263 598 1371 638 eorum

251 678 469 763 intellegimus
492 684 550 743 aut
574 680 755 754 scribimus,
785 678 845 742 hoc
875 677 907 740 in
932 701 1064 744 numero
1088 684 1145 744 aut
1168 681 1372 746 habebuntur

251 787 394 849 autnon
420 785 633 852 habebuntur.

341 891 390 956 Ex
413 895 528 976 quibus
557 894 695 977 primum
727 894 855 957 nomino
879 895 916 957 Α.
942 894 1032 972 XIV,
1059 898 1110 972 10,
1142 897 1195 959 ubi
1219 895 1305 960 Nero
1334 897 1372 959 de

252 999 449 1084 Agrippinae
483 1022 558 1065 nece
594 1023 665 1065 cum
699 1001 764 1065 alia
793 1005 862 1063 tum
893 1002 971 1066 haec
1000 1005 1039 1068 ad
1070 1007 1217 1069 senatum
1245 1004 1371 1070 scribit:

256 1111 356 1186 ,luisse
379 1130 447 1171 cam
470 1128 599 1188 poenam
629 1112 831 1185 conscientia,
870 1130 932 1191 qna
967 1115 1066 1174 scelus
1099 1115 1283 1190 parauisset.
1320 1110 1372 1174 Ita

254 1215 329 1279 haec
345 1216 442 1280 verba
458 1216 492 1280 in
517 1215 606 1279 libris
621 1217 804 1289 traduntur,
820 1215 929 1298 itaque
946 1215 1128 1303 Draegerus
1145 1240 1182 1281 ea
1198 1218 1372 1302 intellegit:

257 1322 332 1403 ,weil
357 1323 402 1387 sie
425 1322 491 1387 sich
515 1324 570 1389 der
586 1320 703 1387 Schuld
728 1322 783 1406 (sc.
801 1322 868 1387 filio
891 1323 1020 1388 iusidias
1043 1325 1209 1409 struxisse)
1234 1327 1373 1389 bewusst

254 1451 406 1515 genesen,
430 1430 513 1494 habe
530 1429 575 1495 sie
591 1430 643 1493 ihr
659 1428 863 1494 Verbrechen
880 1432 980 1494 selbst
995 1433 1164 1516 gesdhnt‘3
1188 1454 1251 1515 qua
1273 1433 1374 1495 iuter-

253 1538 433 1620 pretatione
456 1561 512 1602 nec
536 1537 720 1604 sententiae
744 1560 800 1602 neo
824 1539 927 1601 verbis
952 1538 998 1601 vis
1026 1538 1172 1615 infertur,
1203 1561 1239 1603 ac
1262 1540 1373 1621 depre-

254 1644 422 1711 hendimus
448 1647 585 1743 eandem
615 1666 652 1709 ac
681 1669 778 1730 supra
807 1646 1080 1722 consuetudinem,
1108 1668 1180 1710 cunr
1204 1670 1265 1712 vox
1290 1669 1373 1723 ,cou-

252 1752 395 1816 scientia‘
419 1755 566 1837 sequenti
590 1756 759 1819 enunciata
787 1753 905 1818 certius
932 1751 1113 1817 definiatur.
1162 1753 1374 1840 Nipperdeius

252 1863 375 1938 autem,
410 1883 449 1924 ne
482 1861 552 1945 quis
583 1868 740 1945 ,poenam‘
776 1883 847 1925 cunr
883 1865 973 1937 ,eam‘
1012 1861 1220 1947 coniungeret
1243 1860 1373 1936 veribus,

253 1975 391 2050 ,poenas‘
414 1969 526 2033 scribit
549 1973 645 2053 atque
668 1968 753 2032 infra
782 1990 840 2052 pro
865 1974 948 2051 ,qua‘
979 1974 1079 2048 ,quas‘
1100 1969 1201 2051 pouit.
1240 1968 1373 2044 Qualem

253 2076 467 2140 coniecturum
497 2078 575 2140 satis
605 2076 731 2141 facilem
765 2097 831 2139 esse
860 2078 1033 2157 aptamque
1063 2079 1095 2138 et
1122 2075 1224 2158 ipsam
1248 2075 1373 2140 efficere

252 2181 442 2246 sententiam
472 2190 509 2247 ut
539 2184 650 2270 negari
679 2206 741 2248 non
767 2183 854 2268 quit,
883 2184 930 2245 ita
963 2183 1172 2247 necessariam
1198 2205 1264 2249 esse
1287 2182 1372 2248 haud

251 2288 347 2355 facile
371 2291 573 2368 ostendetur3
599 2291 678 2356 adde
702 2290 786 2375 quod
812 2293 978 2374 ,poenam‘
1002 2291 1039 2356 de
1065 2315 1127 2356 uua
1155 2314 1231 2356 nece
1260 2291 1373 2355 melius

253 2397 368 2463 dicitur
384 2420 480 2482 quam
506 2404 669 2483 ,poenas‘.
720 2396 902 2481 Eademque
931 2398 969 2461 de
999 2421 1094 2463 eausa
1122 2397 1221 2462 etiam
1249 2395 1371 2459 Halmii

252 2511 464 2572 commentum
498 2529 625 2591 ,poenas
659 2506 853 2571 conscientia
876 2506 1000 2589 quasi‘
1035 2505 1219 2579 scribentis,
1253 2503 1373 2586 impro-

252 2613 410 2692 baverim3
434 2620 532 2700 atque
554 2616 684 2699 insuper
702 2614 813 2697 ,quasi‘
836 2635 896 2697 pro
921 2614 1026 2696 ,quod‘
1049 2614 1189 2698 positum
1214 2611 1271 2695 (sic
1288 2609 1372 2673 enim

252 2721 318 2805 ipse
349 2721 598 2809 interpretatur)
623 2745 672 2787 me
695 2719 839 2798 offendit,
863 2720 938 2804 quia
954 2720 1076 2797 dubito,
1100 2742 1177 2784 num
1193 2719 1272 2782 haec
1289 2718 1372 2780 vocis

253 2828 364 2912 ,quasi‘
389 2829 582 2916 significatio
605 2852 676 2894 oum
700 2828 785 2912 apud
808 2827 888 2892 alios
912 2828 1084 2911 scriptores
1108 2833 1177 2890 tum
1203 2826 1286 2908 apud
1310 2822 1374 2888 Ta·

253 2938 352 3001 citum
376 2938 472 3001 certis
495 2936 687 3003 testimoniis
710 2935 834 3000 firmari
856 2936 966 3018 possit.

342 3043 500 3111 Standum
526 3047 627 3130 igitur
650 3065 716 3108 esse
739 3041 842 3105 iudico
867 3043 898 3105 in
923 3041 1078 3106 librorum
1104 3041 1241 3105 lectione
1258 3044 1291 3102 et
1314 3038 1374 3102 hoc

253 3157 286 3223 in
309 3158 378 3222 loco
405 3158 438 3219 et
462 3152 502 3217 Α.
525 3149 607 3215 XIII
632 3151 690 3214 34:
726 3153 861 3214 Armenii
890 3153 1036 3232 arubipuu
1064 3154 1124 3232 fide
1157 3157 1289 3231 utruque
1317 3144 1373 3228 (sc

253 3263 468 3331 Romanorum
495 3265 529 3324 et
551 3258 762 3343 Parthorum)
787 3280 877 3321 oraru
903 3259 1092 3334 invitabunt,
1121 3260 1180 3320 silc
1209 3266 1374 3329 terrarum,

253 3374 446 3439 sirnilitudioe
479 3390 595 3433 morum
626 3370 748 3432 Porllris
782 3371 945 3448 propiores
980 3367 1195 3447 concubituque
1230 3366 1375 3445 permisti

254 3504 292 3545 uo
321 3482 459 3544 libertale
500 3480 605 3558 iprrolo
631 3479 722 3538 illue
756 3478 870 3556 mopis,
906 3477 947 3536 ud
978 3477 1149 3550 seruitium,
1184 3474 1373 3536 inclinantes.

253 3589 303 3654 Ibi
314 3585 536 3671 Nipperdeius,
548 3582 692 3666 Lipsium
704 3589 840 3659 secutus,
854 3581 945 3665 ponit
959 3581 1068 3657 ,illud
1082 3580 1115 3664 (i.
1126 3602 1152 3644 e,
1169 3578 1375 3662 Parthorum)

255 3697 356 3783 magis
380 3694 418 3759 ad
443 3692 607 3758 servitium
631 3690 845 3766 inclinantes‘,
870 3686 945 3771 quia
972 3688 1125 3753 traditum
1152 3687 1259 3766 ,illue‘,
1293 3685 1375 3768 quod

255 3805 399 3889 sequenti
428 3803 478 3879 ,ad
513 3798 689 3864 servitium‘
718 3798 915 3874 illustretur,
948 3818 1081 3880 pravam
1116 3797 1212 3878 putat
1246 3793 1376 3857 reddere

254 3913 462 3987 sententiam
492 3928 638 3993 perverse
662 3907 749 3972 enim
772 3905 832 3969 dici
858 3905 1017 3967 hominem
1042 3901 1201 3967 libertatis
1226 3900 1376 3987 ignarum

255 4020 380 4107 magis
404 4019 558 4085 inclinare
582 4016 621 4081 ad
645 4015 824 4092 servitium,
849 4034 921 4077 cum
951 4010 990 4075 ad
1015 4010 1199 4074 libertatern
1222 4008 1376 4072 inclinare

256 4129 384 4193 omnino
408 4149 469 4191 non
493 4125 604 4210 possit.
628 4121 716 4199 Quod
734 4121 808 4186 licet
825 4124 910 4185 recte
926 4123 1103 4198 moueatur,
1128 4121 1235 4181 tamen
1252 4114 1374 4189 dubito,

255 4258 333 4300 num
349 4235 479 4300 Tacitus
495 4232 632 4298 voluerit
649 4237 754 4295 mente
775 4230 911 4315 cogitari
926 4250 1032 4311 ,quam
1049 4226 1088 4291 ad
1105 4229 1286 4307 nostrum
1311 4242 1374 4283 ser·
