2942 4625
743 285 785 352 49

202 466 299 535 vides
336 465 371 533 in
408 466 515 531 altera
551 467 647 547 parte
683 464 761 531 bina
796 484 867 532 cum
900 469 1076 548 ponantur,
1115 468 1152 530 ut
1185 464 1322 532 totidem

201 572 391 640 notionibus
415 573 521 639 altera
543 590 621 654 pars
638 576 776 656 constet,
800 592 859 655 pro
876 571 1012 655 singulis
1029 571 1321 655 significationibus

201 683 309 748 verba
324 678 471 746 adhiberi
492 679 583 746 bina:
606 697 681 745 nam
703 699 794 762 sono,
818 698 883 745 non
906 698 942 745 re
966 678 1154 762 discrepant
1170 682 1263 761 ‚sors‘
1288 685 1322 745 et

202 788 317 871 ‚urna‘‚
326 785 833 871 ‚certamen‘et‚iurgium‘,unnm
843 785 1047 869 significatur
1055 785 1188 853 vocibus
1196 784 1321 853 duabus

203 895 332 978 ‚fugere
343 913 383 960 ac
392 892 558 977 dispergi‘,
570 892 654 976 ,telis
667 898 702 958 et
712 892 881 960 manibus‘.
900 892 993 976 Quod
1005 898 1123 977 autem,
1136 892 1192 958 ubi
1203 893 1322 958 oratio-

200 1021 263 1068 nes
275 1000 379 1084 finxit,
397 1005 560 1066 oratorum
575 1000 610 1066 in
621 1000 757 1066 dicendo
771 1001 957 1066 ubertatem
971 1020 1036 1066 non
1047 999 1178 1084 vitavit,
1194 1000 1321 1066 ratione

202 1127 269 1175 non
292 1113 377 1191 eget,
403 1128 474 1175 cum
497 1107 653 1174 orationis
676 1106 799 1172 latinae
823 1106 1021 1189 elegantiam
1043 1126 1108 1174 non
1130 1106 1260 1173 minima
1281 1126 1319 1173 ex

205 1220 299 1296 parte
321 1213 355 1279 in
378 1217 529 1281 ubertate
545 1214 683 1296 quadam
698 1213 841 1297 positam
861 1232 934 1280 esse
950 1213 1038 1280 inter
1054 1232 1163 1280 omnes
1181 1219 1318 1281 constet.

618 1643 793 1779 caput
831 1642 909 1751 ΙΙΙ.

292 1857 354 1924 His
376 1856 479 1940 igitur
501 1857 646 1939 peractis
668 1856 733 1923 iam
750 1856 941 1924 accedamus
957 1857 1000 1922 ad
1016 1875 1056 1921 ea
1075 1875 1136 1922 nec
1155 1855 1203 1922 ita
1217 1875 1323 1939 pauca

209 1965 364 2048 exempla,
388 1964 444 2030 ubi
467 1969 501 2029 et
522 1969 656 2047 praeter
678 1963 955 2046 exspectationem
970 1968 1005 2030 et
1026 1967 1159 2045 praeter
1181 1963 1322 2030 necessi-

207 2075 308 2137 tatem
333 2071 474 2154 scriptor
497 2071 680 2137 sententiae
702 2070 842 2138 inseruit
869 2090 981 2154 voceS,
1018 2089 1101 2153 quae
1136 2090 1208 2137 cum
1233 2070 1322 2137 illam

206 2177 294 2243 nulla
317 2196 364 2243 ex·
380 2184 475 2260 parte
498 2177 666 2245 illustrent
692 2197 797 2260 neque
825 2177 998 2261 quidquam
1020 2177 1097 2245 novi
1123 2176 1158 2244 in
1181 2196 1252 2243 eam
1274 2177 1322 2243 in-

206 2284 324 2369 ferant,
350 2284 532 2369 superfluae
560 2291 636 2353 sunt
662 2285 832 2352 habendae
861 2303 1017 2369 quaeque,
1053 2284 1082 2352 si
1109 2286 1273 2371 abessent,
1302 2305 1323 2352 a

204 2392 289 2458 nullo
299 2392 574 2459 desiderarentur.
601 2391 708 2476 Quid?
725 2393 810 2475 quod
825 2392 966 2475 scriptor
976 2394 1015 2458 ob
1030 2378 1323 2476 breviloquentiam

205 2498 350 2566 famosus
384 2519 449 2565 non
476 2499 640 2568 dubitavit
673 2501 862 2567 vocabulum
896 2500 1096 2583 suspendere
1130 2519 1172 2567 ex
1205 2501 1320 2584 altero,

204 2605 294 2673 cuius
318 2605 370 2674 vis
393 2605 464 2672 fere
487 2607 601 2672 eadem
624 2612 677 2673 est
699 2611 798 2689 atque
821 2606 967 2673 alterius.

293 2713 359 2779 Sed
381 2718 555 2796 antequam
577 2715 637 2781 has
660 2715 894 2795 perlustremus
915 2713 1143 2797 abundantiae,
1167 2714 1322 2779 nonnulla

201 2818 297 2886 nobis
320 2820 395 2886 binc
416 2820 614 2887 removenda
637 2826 722 2904 sunt,
759 2840 842 2902 quae
875 2820 986 2887 nescio
1015 2839 1057 2885 an
1081 2819 1198 2901 aliquis
1222 2820 1321 2885 abun-

204 2926 322 2993 danter
346 2926 434 2993 dicta
458 2945 531 2993 esse
560 2931 702 3010 censeat,
728 2945 800 2992 cum
821 2945 858 2992 re
881 2946 963 2993 vera
991 2925 1155 2992 constanti
1182 2924 1321 2991 omnium

204 3033 399 3116 scriptorum
433 3032 659 3100 consuetudini
687 3032 754 3099 sint
781 3033 1030 3100 accommodata.
1089 3031 1202 3098 Solent
1236 3032 1321 3098 enim

201 3140 304 3207 latine
326 3142 506 3224 loquentes,
535 3141 685 3223 nequod
713 3140 920 3207 enunciatum
945 3139 1088 3223 pendeat
1123 3157 1163 3205 ex
1190 3138 1320 3206 nomine

202 3246 421 3330 substantivo,
462 3246 561 3334 (quae
596 3246 732 3314 durities
757 3247 805 3314 eis
840 3266 914 3315 esse
947 3245 1147 3334 videbatur),
1183 3247 1319 3312 verbum

201 3354 339 3420 nominis
362 3354 449 3420 illius
473 3353 539 3422 uim
561 3354 709 3422 referens
744 3354 963 3439 interponere,
999 3354 1084 3421 unde
1112 3352 1318 3419 enunciatum

200 3461 280 3526 illud
303 3465 414 3544 aptum
436 3460 570 3527 faciant.
611 3460 705 3545 Quod
727 3464 862 3530 verbum
883 3461 947 3529 etsi
967 3461 1155 3545 plerumque
1172 3479 1233 3542 per
1247 3478 1320 3541 pro·

200 3586 316 3632 nomen
339 3565 513 3636 relativum
536 3569 744 3637 substantivo
767 3568 957 3653 adiungitur
991 3568 1100 3654 (quem
1122 3585 1243 3634 morem
1266 3571 1321 3632 sat

201 3673 310 3740 multis
346 3675 501 3757 exemplis
535 3675 715 3742 illustravit
749 3676 788 3742 V.
812 3676 853 3742 D.
887 3676 1053 3742 Vahlenus
1081 3673 1115 3739 in
1148 3673 1214 3739 ind.
1242 3673 1318 3738 leot.

202 3780 310 3845 Berol.
336 3777 480 3865 ratem
504 3802 535 3865 p.
560 3779 621 3869 8.¹)
646 3788 744 3864 atque
767 3782 824 3865 ita,
859 3786 897 3848 ut
923 3781 1067 3848 ablativo
1091 3798 1169 3846 casu
1191 3779 1225 3844 id
1247 3797 1319 3860 pro

200 3905 316 3953 nomen
338 3893 478 3970 ponatur
502 3889 708 3975 (quamquam
731 3907 760 3955 e.
785 3908 817 3972 g.
842 3888 935 3954 Caes.
959 3888 993 3954 b.
1010 3907 1037 3953 c.
1054 3887 1089 3954 Π
1105 3884 1148 3952 30
1172 3884 1317 3965 scripsit:

272 4118 297 4189 ¹)
315 4120 349 4177 of.
369 4136 438 4189 quae
450 4120 501 4174 hcc
513 4120 546 4175 de
556 4137 637 4177 causa
647 4120 801 4190 disputavit
815 4120 844 4176 C.
857 4120 889 4175 1⁴².
899 4118 944 4173 W.
953 4117 1103 4173 Muellerus
1112 4117 1141 4173 in
1149 4115 1320 4173 Fleckeiseni

200 4208 344 4263 annalibus
363 4208 433 4262 1866
451 4225 477 4278 p.
495 4207 557 4265 488.
1176 4292 1195 4348 4
