2942 4625
198 468 422 535 Germanicam
454 464 604 532 habebant
637 464 673 531 ab
706 465 884 551 superbiam
916 465 1058 550 Pisonis,
1097 465 1299 549 libenterque

194 593 341 643 caremus
367 574 480 640 ultera
520 576 596 638 utra
632 590 722 655 vaae,
755 571 811 638 ubi
849 575 983 656 ,nempe‘
1022 577 1056 639 et
1093 572 1199 657 ,enim‘
1226 593 1299 640 eon·

195 681 385 765 iunguntur:
409 679 475 746 dial
490 676 542 762 35,
567 675 622 744 14:
646 699 754 766 nempe
775 681 858 745 euim
879 680 941 746 dao
958 702 1072 767 perrara
1094 684 1299 746 materiarum

196 789 283 874 apud
315 788 457 853 rhetoras
489 793 666 852 tractantur
689 784 785 872 (quas
815 804 913 854 voees
943 786 1133 869 saepissime
1156 787 1301 869 campani

196 894 422 962 Boettieherus
444 892 465 959 l.
489 893 510 959 l.
527 911 558 975 p.
582 891 727 959 LXLIII
749 896 802 958 sat
827 891 937 960 multis
961 892 1115 976 exemplis
1131 893 1299 980 ostendit).

196 1001 365 1078 Postremo
393 998 539 1082 quamvis
565 997 688 1066 invitus
719 1009 790 1065 eum
819 997 1015 1081 Nipperdeio
1042 1004 1169 1068 certare
1193 1005 1300 1082 cogor,

197 1108 252 1192 qui
284 1108 324 1173 A.
353 1106 405 1174 XI
427 1104 483 1172 24:
512 1114 548 1171 at
584 1125 647 1172 aaa
676 1107 766 1173 ruodo
796 1107 914 1198 siaqali
939 1110 1067 1191 uiritim,
1106 1108 1160 1173 aad
1189 1116 1300 1190 tarrae,

195 1211 299 1304 pratas
332 1217 368 1279 ia
400 1235 512 1279 aarum
531 1221 685 1301 ,nostram
718 1214 920 1279 aoalasaaraat
936 1232 1052 1281 ⁴uoeem
1085 1216 1202 1279 viritim
1237 1231 1302 1279 non

200 1320 394 1405 superfluam
427 1338 501 1387 esse
535 1323 660 1401 oenset3
693 1337 799 1402 neque
836 1319 921 1386 enim
952 1319 1038 1386 idem
1064 1339 1181 1386 sonare
1204 1324 1303 1402 atque

197 1428 346 1515 ²siuguli‘,
381 1427 441 1495 sed
463 1427 574 1494 eodem
608 1445 706 1494 sensu
727 1426 979 1510 intellegendam
1006 1446 1079 1493 esse
1106 1432 1204 1509 atque
1228 1428 1302 1510 ‚pri-

196 1536 317 1606 vatim‘.
330 1534 432 1619 Quae
444 1533 488 1601 sit
497 1533 575 1601 lieet
589 1553 670 1602 vera
683 1533 774 1603 roais
789 1533 840 1601 vis
853 1531 913 1620 (ef.
929 1532 969 1599 A.
982 1534 1035 1599 ΙΠ
1045 1532 1102 1599 43:
1114 1543 1150 1600 at
1164 1535 1304 1599 amaror
1321 1564 1324 1567 ·

196 1652 306 1729 aperta
334 1645 529 1709 aaasaasr'aae
556 1645 603 1707 aba
630 1644 751 1706 viritim
773 1642 931 1726 promptis
952 1642 1074 1706 stadiis.
1106 1640 1137 1707 G
1160 1639 1215 1706 15:
1229 1662 1304 1708 'mos

197 1759 241 1817 aet
262 1750 453 1834 cirritaniae,
481 1750 629 1814 abraae
651 1750 772 1813 uiritim
793 1766 935 1818 aaarerra
958 1749 1159 1834 principibus
1180 1750 1228 1813 aad
1250 1772 1302 1815 ar·

196 1866 368 1925 martorum
394 1857 441 1922 oei
455 1853 618 1942 fraqam),
651 1858 824 1920 tamenne
846 1854 894 1922 sie
917 1854 1044 1936 quidem
1065 1854 1209 1925 luxuries
1232 1855 1303 1922 tulli

195 1964 274 2034 mihi
296 1963 434 2046 videtur,
460 1961 534 2045 quia
557 1961 741 2029 sententiae
763 1960 861 2028 cardo
883 1960 918 2027 in
940 1980 978 2028 eo
1000 1967 1163 2046 versatur,
1187 1968 1224 2029 ut
1240 1962 1303 2031 sibi

196 2071 427 2155 respondeant:
452 2069 592 2153 ‚singuli‘
617 2072 651 2135 et
674 2072 795 2152 ,terrae
817 2072 1017 2152 gentesque‘.

282 2178 374 2244 Haea
407 2176 477 2243 iere
501 2179 594 2258 sunt,
631 2194 712 2257 quae
751 2175 791 2241 de
822 2174 1000 2242 abundanti
1028 2175 1157 2244 dicendi
1183 2196 1303 2260 genere

197 2284 345 2352 Tacitiuo
368 2283 525 2350 monenda
551 2282 658 2350 habui.
695 2281 883 2365 conquisivi
904 2287 1013 2350 autem
1043 2283 1124 2350 haee
1147 2285 1302 2370 exempla,

195 2411 260 2459 non
273 2411 334 2474 quo
356 2390 514 2459 brevitati
535 2390 583 2456 illi
606 2389 765 2473 singulari
784 2389 929 2456 nonnihil
944 2391 1116 2458 detrahere
1141 2410 1299 2476 euperem,

196 2500 255 2568 sed
282 2504 319 2566 ut
341 2498 558 2581 ostenderem,
587 2516 628 2563 ne
650 2496 799 2564 Tacitum
821 2496 961 2580 quidem,
990 2517 1061 2564 eum
1083 2499 1184 2564 multa
1212 2518 1304 2566 suum

195 2606 360 2691 ingenium
383 2610 512 2674 secutus
539 2603 633 2673 navis
656 2608 691 2670 et
716 2603 856 2671 insolitis
884 2604 986 2671 modis
1009 2609 1227 2688 componeret,
1256 2604 1304 2672 sio

195 2713 372 2782 recessisse
395 2733 416 2780 a
437 2712 580 2797 priorum
601 2716 659 2779 aut
674 2711 855 2794 aequalium
877 2731 946 2795 usu,
970 2717 1007 2780 ut
1021 2712 1217 2779 brevitatem
1232 2732 1303 2779 oum

194 2820 420 2904 perspicuitati
442 2825 511 2887 tum
534 2818 717 2903 elegantiae
741 2818 897 2885 orationis
921 2823 1116 2902 postponere
1128 2818 1303 2903 dubitaret,

195 2943 299 3008 neque
329 2925 429 2992 licere
458 2925 570 3010 nobis,
605 2925 706 2993 sicubi
736 2945 835 2994 voees
867 2925 971 2992 minus
1004 2925 1209 2992 necessarias
1244 2930 1303 2992 aut

197 3032 375 3116 superfiuas
418 3033 504 3115 apud
545 3052 618 3100 eum
650 3032 936 3117 deprehendimus,
978 3033 1038 3100 hes
1071 3036 1109 3099 ut
1146 3031 1304 3100 brevitati

197 3138 353 3207 orationis
383 3143 603 3224 repugnantes
631 3140 672 3206 de
703 3140 814 3224 glossa
844 3146 1014 3224 suspectas
1040 3140 1172 3207 habere.
1218 3139 1304 3205 Hiuo
1361 3190 1366 3197 .

197 3247 348 3329 siquem
384 3245 524 3315 fructum
562 3265 678 3330 capere
719 3246 841 3329 poterit
878 3267 933 3315 ars
967 3246 1094 3330 andra,
1129 3247 1190 3313 hoo
1228 3265 1303 3329 opu-

198 3354 321 3423 seulum
342 3372 447 3423 meum
469 3357 527 3424 aut
548 3356 718 3440 probatum
741 3353 804 3421 erit
826 3359 884 3425 aut
906 3360 1103 3424 excusatum.
