2942 4625
817 240 860 306 23

280 419 355 502 qnia
379 440 450 484 curn
476 419 507 484 vi
530 423 662 503 propter
685 419 900 503 frequentiam
925 419 1035 485 domus
1060 419 1232 488 Caesareae
1258 426 1400 511 grassari

277 545 340 590 non
361 528 478 607 posset,
501 525 574 592 dolo
598 527 627 592 ei
650 527 803 592 utendum
827 532 907 593 erat.
952 525 1098 611 Apteque
1121 530 1229 615 pergit
1246 531 1398 617 scriptor:

278 631 412 716 ‚placuit
445 634 565 698 tamen*
600 632 656 719 (sc.
686 656 882 720 quemquam
915 657 1037 701 moram
1073 637 1201 724 attulit)
1235 638 1399 719 ,occultior

277 738 356 815 via‘3
389 759 489 822 quare
523 740 641 807 iniuria
676 741 842 807 Halmium
881 743 1028 808 dubitare
1063 743 1226 825 existimo,
1264 769 1306 812 an
1340 769 1398 831 pro

277 849 407 924 ,tamen‘
436 849 588 926 ,tendem‘
616 851 793 935 genuinum
821 850 1001 916 habendum
1032 851 1086 918 sit.
1135 850 1250 936 ltaque
1279 877 1320 919 ne
1347 855 1399 919 hio

276 955 404 1040 quidem
426 957 598 1041 quidquam
622 959 813 1025 mutandum
838 980 903 1023 esse
928 960 1080 1024 arbitror.

710 1811 861 1952 (leput
899 1812 959 1925 11.

361 2042 506 2110 Alterius
536 2045 620 2129 quod
648 2044 750 2108 statui
777 2044 919 2128 generis,
948 2044 1003 2109 ubi
1030 2065 1211 2129 synonyma
1233 2067 1315 2130 quoe
1339 2069 1394 2114 vo·

273 2152 387 2217 cantur
414 2154 472 2216 cut
495 2152 572 2217 bino
601 2151 781 2217 autetiam
805 2152 900 2236 plura
923 2153 1172 2236 componuntur,
1201 2154 1304 2219 multo
1327 2154 1394 2219 lar-

271 2258 363 2346 giora
387 2257 597 2326 inveniuntur
620 2260 782 2344 exempla3
812 2280 916 2345 neque
939 2259 1000 2326 hoc
1021 2258 1070 2324 ite
1093 2257 1290 2341 mirandum,
1314 2282 1394 2347 quo·

269 2366 358 2432 niam
381 2370 415 2432 et
438 2372 556 2432 natura
571 2369 724 2432 sermonis
740 2368 836 2433 latini
858 2368 943 2434 hano
959 2368 1140 2434 ubertatem
1163 2368 1393 2450 quodammodo

270 2474 413 2559 exposcit
447 2477 480 2539 et
507 2475 701 2540 consuetudo
734 2476 801 2541 fere
829 2474 1005 2560 aequabilis
1033 2473 1225 2558 scriptorum
1252 2475 1393 2539 omnium

271 2580 356 2646 huno
380 2602 501 2647 morem
525 2583 669 2648 retinuit.

361 2686 423 2754 Sed
439 2710 501 2753 non
519 2688 665 2755 omnibus
680 2690 768 2770 locis,
792 2690 847 2756 nbi
862 2711 1041 2774 synonyma
1056 2687 1258 2772 copulantur,
1283 2687 1392 2753 eadem

269 2795 412 2863 cernitur
435 2797 649 2862 abundantia:
673 2819 711 2863 eo
727 2800 812 2863 enim
836 2798 933 2863 verbe
950 2795 1077 2875 similia,
1094 2816 1230 2879 qnorum
1254 2795 1393 2859 alterum

269 2904 404 2970 ulterius
432 2902 698 2988 significationem
723 2908 782 2968 ant
804 2905 950 2970 illustrat
976 2906 1033 2969 aut
1056 2901 1236 2986 restringit,
1260 2902 1326 2982 vel,
1355 2907 1393 2966 ut

272 3012 414 3078 breviter
441 3009 560 3088 dicam,
591 3009 726 3076 alterins
755 3011 880 3077 notioni
904 3011 1026 3097 aliquid
1055 3010 1163 3086 addit,
1194 3030 1258 3074 non
1282 3009 1392 3075 eadem

270 3118 395 3184 ratione
424 3118 600 3202 composita
634 3138 701 3182 esse
735 3124 871 3204 apparet
907 3123 1005 3204 atque
1037 3137 1089 3195 ca,
1124 3117 1180 3182 ubi
1213 3118 1296 3183 nihil
1326 3118 1392 3183 fere

271 3224 462 3292 discriminis
478 3226 564 3290 inter
580 3224 724 3312 singulas
741 3226 885 3291 notiones
901 3223 1169 3317 deprehenditur3
1193 3247 1292 3310 quare
1307 3231 1392 3290 recte

271 3333 458 3401 Boetticher
498 3334 634 3413 ,multc‘,
670 3332 793 3417 inquit,
823 3334 1035 3412 ,abundarent
1061 3331 1095 3397 in
1120 3333 1196 3399 stilo
1218 3332 1336 3412 Taciti,
1365 3331 1392 3396 si

269 3440 352 3506 idem
375 3441 471 3524 plene
494 3440 714 3528 significarent
735 3461 923 3524 synonyma,
947 3463 1030 3526 quoe
1052 3439 1150 3527 vulgo
1172 3442 1341 3507 dicuntnr‘.
1355 3451 1376 3508 ¹)
1443 3506 1448 3531 ,

361 3546 481 3614 Verum
514 3547 756 3613 intricatissima
784 3550 834 3612 est
865 3548 945 3614 haec
972 3546 1117 3633 quaestio
1145 3570 1182 3614 co
1204 3548 1391 3633 plerumque
1445 3626 1446 3629 Ἴ

272 3678 337 3722 non
361 3661 430 3722 tam
453 3656 548 3722 certis
572 3654 750 3721 rationibus
774 3676 871 3740 quam
895 3657 962 3721 solo
984 3656 1124 3743 legentis
1140 3655 1276 3720 arbitrio
1298 3675 1392 3737 expe·
1444 3688 1446 3729 ;

269 3760 395 3841 diendo,
419 3763 495 3846 quia
518 3784 706 3849 synonyma,
730 3785 813 3849 quae
829 3763 893 3830 alio
917 3764 986 3828 loco
1001 3785 1066 3829 non
1082 3762 1177 3846 plane
1194 3761 1276 3827 idem
1292 3761 1392 3846 signi·

269 3867 380 3947 ficunt,
404 3870 468 3937 alio
491 3872 654 3937 notionem
678 3870 827 3937 videntur
856 3871 1034 3956 exprimere
1055 3890 1160 3934 uuam.
1208 3867 1296 3944 Quae
1319 3890 1390 3932 cum
1442 3870 1444 3899 l

269 3975 317 4040 ita
341 3976 416 4056 sint,
440 3986 475 4043 ut
498 3979 631 4065 quisque
654 3978 848 4044 sententiam
864 3979 968 4042 totam
984 3977 1163 4061 intelleget,
1186 3974 1235 4041 ita
1251 3996 1391 4058 synony-
1441 3974 1443 4023 l

272 4121 483 4133 ---——--......

345 4190 366 4256 ι)
385 4191 480 4249 Lexic.
499 4191 565 4247 Tac.
584 4211 611 4263 p.
632 4192 728 4249 cxtl.
