2942 4625
801 191 821 257 3

253 370 394 437 notionis
430 368 676 454 coniunguntur,
712 389 778 437 non
811 374 879 436 tam
902 368 1023 451 copiam
1056 388 1151 452 quam
1173 369 1370 437 brevitatem

255 477 411 544 orationis
434 477 480 543 ibi
502 476 669 562 perspicit,
695 476 771 559 quia
793 476 904 543 verbis
928 476 976 542 ita
992 475 1177 559 compositis
1201 476 1302 542 maior
1318 477 1369 545 vis

254 586 420 651 tribuatur
448 585 632 651 sententiae
656 604 751 667 quam
775 583 914 668 quaein
936 583 1066 666 vulgari
1100 584 1274 652 verborum
1297 603 1370 650 con·

256 692 437 760 structione
460 692 515 758 111
537 692 571 757 in
595 711 657 758 uno
680 691 761 758 insit
783 691 949 759 vocabulo.
1282 772 1285 777 g

342 798 503 881 Equidem
526 818 620 865 secus
643 798 764 865 iudico:
788 818 892 881 neque
916 797 1001 864 enim
1024 797 1134 892 addito
1156 798 1253 865 simili
1276 818 1371 866 voca-

254 907 329 973 bulo
343 925 471 990 semper
481 926 601 975 novum
617 905 795 989 significari
816 910 874 972 aut
891 905 1006 989 augeri
1019 910 1053 971 et
1065 904 1220 987 explicari
1232 905 1372 972 alterum

256 1014 391 1080 alterius
426 1012 664 1096 significatione
688 1013 918 1096 concesserim,
954 1033 994 1079 ac
1028 1012 1057 1078 si
1079 1010 1141 1078 ho'c
1164 1014 1372 1094 statuendum

256 1126 354 1205 esset,
371 1126 481 1187 tamen
496 1120 653 1189 brevitati
669 1119 798 1186 dicendi
812 1120 893 1186 talia
909 1119 1152 1186 adnumeranda
1168 1140 1232 1185 nou
1249 1126 1370 1187 essent.

256 1228 338 1294 Nam
373 1227 427 1312 qui
461 1246 630 1314 possumus
654 1228 787 1295 brevem
811 1227 919 1293 dicere
943 1227 1124 1293 orationem
1147 1247 1227 1310 eam,
1251 1226 1284 1292 in
1308 1246 1372 1309 qua

257 1355 320 1401 non
353 1340 422 1401 tam
444 1319 648 1417 paucissimis
683 1334 794 1402 verbis
823 1334 1045 1417 exprimantur
1068 1334 1253 1401 sententiae
1277 1353 1372 1417 quam

257 1442 404 1524 pluribus
428 1440 686 1525 amplificentur?
751 1505 756 1516 ,

344 1550 466 1616 Verum
500 1548 598 1614 etiam
633 1548 762 1632 longius
797 1569 992 1641 progressus
1027 1549 1079 1618 vir
1111 1550 1167 1616 ille
1196 1549 1310 1618 doctus
1333 1569 1373 1615 ea

258 1675 393 1740 quoque,
420 1675 502 1738 quae
514 1656 693 1747 pleonasmi
716 1656 868 1723 dicantur
891 1657 1047 1741 exempla,
1060 1657 1147 1724 haud
1167 1657 1216 1723 ita
1231 1677 1251 1723 a
1266 1658 1373 1725 brevi-

257 1764 338 1830 tatis
361 1763 490 1829 ratione
514 1763 690 1829 abhorrere
713 1768 835 1847 censet,
866 1783 938 1830 cum
960 1766 1062 1831 multa
1085 1784 1195 1831 eorum
1218 1764 1374 1830 eiusmodi

259 1871 324 1937 sint
347 1875 545 1953 comparata,
570 1874 607 1936 ut
630 1871 769 1938 alterum
792 1873 984 1939 vocabulum
1008 1872 1144 1938 alterius
1167 1871 1293 1939 notioni
1317 1871 1373 1937 ali-

259 1977 335 2059 quid
358 1978 468 2043 addat.
505 1977 569 2044 Sed
585 1974 741 2060 perpauci
763 1977 818 2064 (11
834 1978 939 2045 dicam
959 1979 1053 2066 nulli)
1075 1978 1285 2047 inveniuntur
1300 1978 1371 2061 loci,

257 2084 312 2150 ubi
345 2104 410 2151 non
444 2084 553 2165 aliqua
580 2085 685 2167 possit
708 2084 819 2151 afferri
848 2105 1045 2170 causaque
1076 2089 1249 2155 verborum
1282 2085 1375 2167 copia

258 2191 462 2276 defendatur,
487 2211 591 2273 neque
614 2196 724 2257 tamen
747 2191 867 2259 idcirco
892 2212 947 2259 eos
963 2198 1090 2260 tantum
1104 2194 1202 2276 11111,
1226 2193 1282 2259 ubi
1297 2193 1374 2258 talis

260 2318 359 2366 causa
381 2297 486 2366 nunus
509 2299 614 2391 facile
629 2298 836 2384 perspicitur,
860 2300 947 2367 inter
960 2300 1165 2383 pleonasmos
1181 2299 1372 2367 rettulerim.

347 2406 456 2474 Minus
492 2407 638 2474 studiose
662 2407 817 2473 Taciteae
852 2407 1009 2474 orationis
1043 2409 1242 2477 brevitatem
1264 2412 1375 2474 tuetur

259 2513 533 2602 Draegerus1)‚
559 2515 617 2580 sed
639 2513 732 2580 iuxta
754 2514 872 2597 positis
897 2515 1084 2599 synonymis
1106 2515 1375 2583 abundantiorem

260 2619 386 2687 fatetur
421 2619 508 2687 effici
542 2621 735 2702 orationem3
771 2622 918 2704 exempla
952 2628 1061 2689 autem
1090 2624 1244 2706 colligere
1268 2623 1375 2688 omnia

260 2728 329 2795 eius
363 2714 430 2794 non'
461 2728 631 2812 intererat,
663 2728 777 2812 paucis
801 2729 909 2796 Taciti
931 2749 1053 2796 morem
1075 2731 1268 2797 adumbrare
1292 2730 1374 2796 satis

261 2834 383 2901 habuit.
878 2902 880 2905 ,

347 2941 560 3029 Halmius2)
585 2961 663 3011 vero
686 2942 720 3009 in
738 2943 937 3027 quaestione,
963 2964 1059 3026 quam
1075 2944 1115 3009 de
1130 2943 1325 3026 pleonasmis
1341 2943 1375 3009 in

260 3048 438 3115 Germania
472 3049 654 3132 conspicuis
688 3051 841 3134 instituit,
878 3070 988 3118 omnes
1023 3050 1160 3117 contulit
1192 3051 1291 3134 locos,
1320 3051 1376 3117 ubi

261 3155 458 3222 sententiam
480 3156 626 3224 videmus
643 3157 872 3241 amplificatam
892 3162 1154 3241 exornatamque,
1179 3157 1301 3223 additis
1318 3164 1375 3223 aut

261 3262 398 3346 singulis
421 3264 532 3330 verbis
556 3269 613 3330 aut
635 3265 741 3348 plenis
766 3264 962 3346 enunciatis3
992 3266 1050 3332 sed
1074 3285 1129 3333 eos
1152 3285 1217 3332 nou
1241 3265 1289 3331 sic
1312 3264 1375 3330 dis-

259 3370 378 3454 posuit,
403 3375 439 3436 ut
462 3371 557 3439 varia
580 3391 689 3439 eorum
712 3393 835 3455 genera
857 3373 1036 3440 internosci
1058 3373 1195 3457 possint.

349 3477 458 3562 Quare
481 3478 597 3545 utiam
612 3498 717 3545 meum
737 3500 883 3562 promam
899 3481 1076 3566 eonsilium,
1102 3480 1250 3563 quoniam
1266 3481 1374 3546 obser-

261 3603 360 3651 vasse
383 3584 462 3649 mihi
484 3585 608 3669 videor,
634 3586 784 3653 Tacitum
805 3587 983 3654 identidem
998 3593 1056 3654 aut
1071 3588 1216 3653 omnibus
1240 3591 1298 3652 aut
1318 3587 1375 3651 ali·

262 3695 339 3772 quot
362 3690 411 3757 rei
434 3691 570 3759 alicuius
593 3693 743 3776 partibus
766 3694 939 3761 nominatis
968 3695 1132 3762 notionem
1166 3698 1279 3776 partes
1301 3693 1376 3759 illas

263 3799 460 3881 complexam
476 3799 663 3884 adiungere,
680 3801 740 3868 hos
755 3801 844 3868 locos
856 3800 993 3884 primum
1007 3803 1042 3868 in
1055 3805 1231 3884 conspectu
1241 3819 1375 3884 ponam;

334 4050 356 4120 ¹)
376 4051 482 4121 Syntax
499 4052 556 4107 und
574 4051 622 4107 stil
640 4053 687 4108 des
706 4052 826 4120 Tacitus,
846 4054 961 4124 Leipzig
979 4053 1058 4109 1868.
1077 4071 1102 4124 p.
1121 4053 1156 4107 89
1175 4071 1210 4109 ss.

312 4128 357 4209 ⁸²)
375 4141 446 4197 Acta
464 4141 618 4198 academiae
636 4142 814 4199 Monacensis.
850 4143 929 4200 1864.
966 4160 991 4213 p.
1010 4143 1045 4198 12
1064 4159 1103 4213 sq.

1198 4231 1233 4287 1*
