2942 4625
596 248 638 319 12

60 429 236 515 inculpatis
259 433 318 499 aut
344 428 596 516 transponendis
630 432 689 498 aut
709 417 877 500 ‘eiciendis
912 432 1023 500 verbis
1057 452 1174 503 versus

61 538 222 607 tollendos
245 558 319 606 esse
342 538 555 607 arbitrantur.

149 647 199 713 Ac
221 650 340 715 testem
362 645 397 712 hi
422 646 563 713 afferunt
585 645 787 731 locupletem,
823 646 1056 731 Quintilianum
1083 647 1174 731 (inst.

62 773 108 820 or.
131 753 184 822 IX
206 751 236 837 4,
272 751 342 841 m.)
365 773 387 821 a
409 772 472 837 quo
504 753 675 839 discamus
692 738 694 743 ¹
710 754 841 821 foedum
874 754 1042 823 veteribus
1070 754 1177 823 visum

62 880 145 945 esse,
173 866 261 929 totos
284 878 401 931 versus
423 861 458 927 in
481 861 629 928 oratione
653 861 761 929 soluta
782 860 863 929 fieri.
908 862 1054 929 Possunt
1077 862 1176 928 etiam
1202 917 1205 921 .

61 968 160 1035 alium
182 969 244 1036 hac
267 968 307 1036 de
331 988 431 1037 causa
454 968 645 1036 contestari:
670 968 866 1053 Ciceronem,
891 968 978 1055 (cum
1000 970 1041 1035 de
1057 989 1102 1036 or.
1121 970 1174 1035 HI
1218 1005 1222 1012 ,

62 1072 114 1159 47,
140 1072 214 1160 182,
238 1081 375 1143 tumor.
406 1073 458 1160 56,
484 1073 575 1163 189.)
604 1076 671 1159 qui¹
692 1081 730 1143 ut
764 1076 805 1143 dc
838 1080 911 1143 tota
943 1096 980 1143 re
1015 1096 1087 1143 cum
1119 1076 1174 1143 illo

62 1182 234 1267 consentit,
259 1184 469 1251 uehementer
491 1183 646 1251 vitiosum
668 1203 752 1274 esse,
778 1184 862 1266 quad
881 1183 1044 1251 interdum
1058 1203 1175 1251 versus

61 1291 95 1357 in
128 1290 275 1358 oratione
312 1311 372 1373 per
405 1290 654 1374 imprudentiam
689 1290 842 1375 dicamus
877 1291 926 1358 ita
953 1291 1107 1358 Senarios
1142 1296 1200 1383 et

60 1398 304 1482 Hipponacteos
327 1397 384 1467 vix
401 1397 543 1482 effugere
554 1418 614 1466 nos
629 1418 727 1481 posse
743 1398 877 1466 fatetur.
912 1400 1078 1487 ,Mapnom
1094 1403 1177 1465 enirn

56 1508 202 1592 partem‘,
226 1505 340 1590 inquit,
369 1528 429 1594 ,eor
442 1507 554 1572 iambis
575 1514 685 1572 nostra
708 1515 827 1573 coastat
849 1510 962 1591 aratio,
997 1508 1050 1573 sed
1073 1515 1176 1572 tamen

61 1636 112 1680 eos
144 1636 251 1680 aeroas
277 1614 381 1701 focile
413 1617 553 1701 opposcit
586 1614 722 1699 auditor,
756 1623 830 1680 sant
857 1618 939 1679 enim
965 1617 1175 1681 usitatissimi.

61 1721 260 1790 inculcamus
270 1730 374 1787 antem
380 1743 441 1806 per
452 1722 697 1807 imprudentiam
707 1743 799 1807 saepe
811 1724 905 1787 etiam
920 1726 1024 1788 rninas
1035 1726 1176 1807 usitatos,

60 1831 114 1895 sed
144 1838 248 1895 tamen
269 1851 385 1914 versas,
409 1832 555 1896 vitiosam
576 1835 674 1917 penas
688 1822 725 1895 ¹et
747 1830 841 1918 lampa
870 1833 971 1895 animi
993 1834 1175 1926 provisione

64 1937 270 2024 fugiendam<
294 1937 380 2004 Hinc
395 1936 437 2003 ad
453 1936 602 2003 Tacitum
616 1941 654 2003 ut
675 1940 889 2019 revertamur,
906 1936 1089 2004 intueamur
1103 1957 1176 2006 ver-

62 2062 118 2110 sus
135 2044 222 2126 apud
238 2062 311 2111 emm
325 2042 513 2128 indagatam
537 2048 614 2110 sunt
629 2063 709 2111 sane
724 2063 853 2127 versus,
878 2044 937 2110 sed
952 2045 1079 2127 quales!
1103 2065 1175 2111 con·

61 2150 196 2235 fragosi,
220 2150 353 2234 horridi,
377 2169 442 2218 non
455 2152 584 2233 plenam
600 2151 796 2218 sententiam
811 2154 869 2218 aut
883 2171 1001 2218 nerum
1017 2152 1176 2235 quendam

61 2258 227 2326 notionum
261 2258 489 2343 exprimentes
526 2258 584 2326 sed
606 2258 717 2344 laceri,
754 2258 858 2343 scissi,
894 2278 995 2343 saepe
1028 2259 1176 2327 terminis

62 2367 314 2451 enunciatorurn,
349 2385 453 2449 paone
477 2364 545 2434 dixi
568 2367 718 2453 capitum,
755 2366 915 2452 dirempti,
945 2367 1000 2450 qui
1022 2387 1087 2435 non
1110 2372 1178 2435 tam

61 2474 278 2557 imprudentia
290 2474 511 2559 negleguntur
525 2494 620 2557 quam
634 2473 807 2542 minutiore
828 2474 967 2557 quadam
987 2495 1065 2542 cura
1086 2475 1176 2542 inda·

62 2586 190 2666 gantur.
208 2585 261 2649 An
271 2581 418 2664 amquam
428 2582 513 2648 ultro
526 2601 561 2648 se
576 2582 690 2649 offeret
699 2601 816 2649 versus
822 2582 1010 2649 hexameter
1022 2583 1061 2650 G.
1069 2579 1126 2648 18:
1138 2605 1176 2648 ne

61 2713 92 2756 se
104 2692 218 2756 rnolier
229 2699 319 2756 entra
330 2694 481 2755 oirtntnm
494 2692 695 2781 capitationes
711 2699 859 2777 extraque
877 2690 1055 2755 bellarum
1067 2712 1177 2755 cosas

57 2806 181 2884 patet,
211 2800 312 2884 ipsis
335 2799 564 2882 incipientis
586 2800 782 2863 matrimonii
805 2799 957 2883 auspiciis
979 2799 1175 2864 adntonetnr.

61 2905 175 2972 Risum
197 2904 340 2972 teneatis
355 2904 415 2972 has
430 2902 517 2971 inter
532 2923 648 2988 nugas.
672 2905 742 2971 Nec
756 2904 893 2972 inferior
913 2903 970 2971 illo
994 2910 1046 2971 est
1061 2904 1101 2972 G.
1119 2902 1176 2971 32:

51 3013 829 3099 Tencteri..praecellnnt,·oecmoiaropnd
842 3012 998 3078 Chattos
1007 3014 1179 3099 peditam

62 3123 147 3188 loris
162 3142 256 3208 qoam
275 3120 434 3187 Tencteris
446 3124 591 3207 equitnm.
612 3119 693 3188 Nolo
705 3119 848 3203 reliquos
860 3119 988 3203 afferre,
1003 3139 1137 3203 quarum
1149 3118 1178 3185 si

63 3229 135 3311 quis
152 3227 286 3311 cupidus
307 3231 369 3311 est,
393 3227 516 3294 Ritteri
541 3226 697 3312 inspiciat
712 3232 823 3294 notam
846 3226 889 3293 ad
903 3225 988 3294 Anu.
1012 3227 1030 3292 I
1053 3224 1083 3292 1.
1108 3225 1178 3312 (ubi

61 3336 95 3404 ln
118 3340 310 3403 transcursu
332 3354 463 3402 monere
486 3335 593 3419 velim,
628 3333 706 3401 mihi
740 3333 868 3418 quidem
900 3353 966 3400 non
988 3332 1175 3417 contigisse,

62 3448 100 3511 ut
119 3444 351 3527 hexametrum,
375 3444 417 3509 ab
441 3443 502 3510 hoc
524 3442 599 3509 dial.
625 3441 677 3528 13,
696 3439 739 3509 26
759 3441 941 3511 inventum:
964 3464 1019 3507 nec
1040 3443 1178 3506 incertas

55 3546 1177 3640 falaritestamentnmpropipnorescribomnisilaesisproso-

62 3659 135 3726 diae
150 3656 278 3742 legibus
295 3658 467 3746 eruerem.)
492 3659 590 3725 Tales
603 3677 719 3726 versus
737 3677 842 3740 aequo
853 3655 958 3722 animo
970 3655 1176 3740 inculcemus,

62 3766 148 3834 sicut
164 3765 307 3849 Tacitus
333 3765 418 3833 sicut
433 3766 588 3848 aequales
605 3765 684 3850 eius
710 3769 744 3831 et
759 3764 824 3848 ipsi
844 3762 941 3830 latini
963 3763 1121 3831 sermonis
1144 3770 1199 3830 61·

62 3873 246 3956 elegantiae
258 3873 366 3958 periti,
379 3873 643 3941 inculcarunt.-
652 3873 699 3940 At
709 3872 864 3940 vitiosum
877 3875 931 3938 est
941 3890 1046 3954 neque
1062 3872 1178 3955 proba·

61 3979 136 4062 bile,
172 3980 364 4064 scriptorem
398 3987 456 4047 aut
490 3980 625 4047 masilia
658 3984 717 4047 aut
750 3977 961 4063 neglegentia
988 3982 1039 4045 tot
1061 3998 1177 4046 versus

64 4083 244 4152 admisisse.
269 4086 324 4154 Sic
334 4088 570 4168 Peerlkampus
583 4086 711 4168 quidem
722 4093 836 4153 censet
847 4086 896 4173 (in
909 4085 1175 4170 editdgricalae,

63 4186 157 4274 p.1):
180 4191 347 4273 profectus
364 4192 449 4261 euim
464 4192 605 4261 aTaciti
617 4192 740 4280 verbis,
765 4213 849 4278 quac
865 4197 981 4264 extant
994 4193 1029 4262 in
1044 4190 1175 4262 exordio
