2942 4625
531 763 534 768 y
631 635 740 747 vita.

219 873 359 939 Ioannes
387 870 536 941 Andreas
559 871 680 939 Paulus
704 868 844 938 Gericke
870 873 1061 938 natussum
1093 868 1240 937 Berolini

133 999 162 1045 1.
180 979 211 1044 d.
235 978 316 1045 XIV
339 977 405 1044 dol.
428 978 508 1061 Apr.
532 998 562 1044 a.
587 975 690 1059 18563
713 976 808 1043 fidem
830 976 983 1060 profiteor
1005 976 1246 1060 evangelicam,

131 1085 233 1151 Patre
254 1085 385 1153 vixdum
407 1085 537 1168 cognito
560 1085 729 1160 orbatusa
751 1087 865 1169 matre,
889 1103 984 1166 qnam
1007 1084 1111 1151 adhuc
1126 1099 1238 1166 super-

133 1192 245 1259 stitem
282 1210 478 1274 magnopere
516 1191 659 1275 gaudeo,
707 1210 830 1257 summo
869 1190 1038 1274 diligentia
1084 1190 1243 1257 educatus

134 1298 311 1382 primisque
344 1298 513 1364 literarum
546 1296 713 1364 elementis
756 1297 897 1365 imbutus
931 1318 1010 1365 sum.
1066 1296 1119 1363 Ex
1152 1295 1244 1363 cuius

134 1405 306 1488 disciplina
343 1403 494 1471 dimissus
531 1424 590 1487 per
628 1404 708 1470 duos
752 1423 856 1486 paene
893 1424 995 1472 armos
1032 1404 1141 1473 ludum
1176 1402 1243 1471 fre-

137 1512 292 1596 quentavi
325 1512 537 1595 literarium,
559 1512 645 1579 unde
667 1511 799 1578 income
830 1530 914 1578 anno
937 1508 1023 1578 1866
1045 1511 1080 1578 in
1110 1529 1242 1577 numero

137 1620 365 1702 discipulorum
413 1618 574 1703 gymnasii
616 1617 801 1685 Ioachimici
836 1623 987 1702 receptus
1029 1637 1089 1701 per
1125 1636 1242 1685 novem

133 1745 236 1793 annos
272 1725 432 1812 (primum
465 1727 614 1810 ,hospes‘,
657 1730 733 1808 post
765 1728 806 1793 ab
831 1719 1023 1793 1111111872
1058 1724 1243 1814 alumnus)

132 1834 166 1899 in
189 1833 300 1900 schola
314 1834 372 1899 1111
394 1829 604 1900 celeberrima
618 1821 973 1915 praestantissimorum
996 1835 1243 1915 praeceptorum

133 1940 282 2007 doctrina
305 1940 440 2024 egregia
462 1958 540 2006 usus
564 1958 651 2024 sum,
677 1959 810 2023 quorum
831 1939 1016 2007 memoriam
1039 1958 1165 2021 semper
1187 1938 1241 2021 pio

131 2049 233 2114 colam
265 2052 425 2131 gratoque
448 2047 563 2113 animo.
610 2046 842 2113 Testimonium
873 2045 1073 2113 maturitatis
1102 2045 1242 2128 adeptus

131 2152 264 2220 11875
297 2154 428 2221 ineunte
456 2153 714 2222 Universitatem
738 2153 804 2220 adii
825 2153 1027 2221 Fridericam
1050 2153 1242 2221 Guilelmam

129 2261 390 2347 Berolinensem,
422 2260 512 2328 cuius
534 2260 621 2328 inter
644 2260 733 2329 cives
756 2279 872 2327 nomen
894 2261 980 2344 opud
1011 2259 1243 2344 amplissimum

130 2368 393 2451 philosophorum
424 2366 570 2434 ordinem·
589 2368 757 2450 professus
780 2388 839 2451 per
863 2369 998 2435 noviens
1032 2387 1091 2435 sex
1112 2387 1242 2434 menses

82 2562 83 2565 Ἴ
130 2474 164 2540 in
180 2474 288 2541 studia
302 2474 497 2558 philologica
512 2494 552 2541 11
566 2475 787 2558 philosophica
806 2475 936 2543 incubui
950 2494 1064 2556 meque
1080 2473 1243 2557 applicavi

131 2581 173 2647 ad
197 2581 349 2665 Curtium,
373 2581 605 2665 Dittmannum,
629 2581 862 2665 Henningium,
886 2582 1102 2666 Huebnerum,
1126 2581 1243 2647 Kirch-

129 2688 269 2771 hoifium,
295 2686 577 2772 Muellenhoffium,
602 2687 811 2771 Nitzschium,
835 2688 1040 2774 Poulsenum,
1064 2689 1241 2773 Prutzium,

130 2791 360 2880 Schraderum,
404 2793 661 2880 Treitschkium,
705 2795 903 2879 Vettonum,
946 2795 1240 2880 Wattenbachium,

128 2903 421 2987 Wilamowitzium,
456 2903 626 2969 Zellerum.
668 2902 830 2971 Summum
856 2907 965 2969 autem
996 2902 1137 2970 fructum
1164 2902 1241 2968 inde

127 3009 272 3093 percepi,
310 3010 394 3093 quod
424 3008 642 3083 Kirchhoffius
674 3010 717 3075 ad
739 3009 990 3077 exercitationes
1017 3009 1052 3076 in
1083 3008 1253 3077 societate-

127 3116 324 3200 philologica
356 3116 526 3183 institutas
560 3116 683 3184 aditum
716 3114 795 3181 mihi
822 3115 962 3200 benigne
996 3116 1171 3199 concessit,
1206 3120 1242 3182 et

129 3225 215 3306 quod
260 3223 347 3289 inter
387 3223 516 3290 sodales
559 3222 739 3289 ordinarios
774 3221 939 3289 seminarii
983 3222 1068 3307 regii
1110 3222 1243 3306 philolo·

131 3330 197 3414 gici
233 3335 366 3414 recepto
402 3349 461 3413 per
496 3329 687 3413 quinquiens
730 3349 789 3396 sex
831 3348 958 3403 menses
1001 3329 1253 3413 spectatissima-

127 3437 322 3504 Kirchhoffii
345 3441 379 3504 et
393 3436 531 3504 Vahleni
546 3436 752 3505 institutione
774 3435 824 3503 uti
839 3436 917 3502 mihi
937 3436 1038 3504 licuit.
1084 3435 1239 3504 Omnibus

128 3544 179 3610 his
202 3544 284 3613 viris
308 3544 427 3627 optime
450 3544 490 3610 de
511 3562 563 3610 1111
584 3543 728 3628 meritis,
760 3543 960 3627 maximeque
982 3543 1180 3611 Kirchhoffio
1203 3548 1239 3610 ct

128 3651 288 3736 Vahleno,
324 3651 402 3717 data
433 3650 601 3745 occasione
633 3649 760 3735 gratias
792 3670 855 3735 ago
889 3669 1079 3735 semperque
1112 3650 1237 3718 habebo

129 3777 223 3840 quam
245 3756 410 3841 plurimas.
