2942 4625
742 290 784 358 37

210 468 273 534 hac
301 468 498 551 quaestione,
527 467 560 533 in
584 488 647 549 qua
670 488 731 549 quo
753 468 824 549 quis
847 473 904 534 aut
927 468 1073 535 severius
1100 472 1159 534 aut
1184 468 1317 536 liberius

210 573 295 656 agit,
330 592 367 639 eo
398 575 470 655 plus
499 575 685 640 autminus
718 575 935 640 abundantiae
957 574 992 639 in
1014 574 1183 657 scriptoris
1206 575 1317 643 verbis

208 679 448 761 persentiscere
472 680 534 745 sibi
557 680 695 763 videtur,
720 681 798 746 etin
810 700 882 763 qua,
900 680 1046 762 quamvis
1062 682 1223 764 attendas,
1247 681 1318 748 fieri

207 789 375 867 potestat
397 806 479 852 unus
503 787 629 854 alterve
651 788 740 853 locus
757 787 955 852 abundantia
970 786 1120 852 notabilis
1144 791 1178 852 te
1201 787 1316 871 fugiat,

207 896 319 956 tamen
342 892 437 956 aliam
459 892 508 958 rei
528 892 748 973 expediendae
770 894 856 960 riam
878 913 942 959 non
966 892 1138 973 dispiciens
1161 894 1244 960 hanc
1268 913 1318 960 se·

209 1002 304 1064 cutus
328 1017 369 1063 ex
384 998 511 1080 dialogo
527 1018 577 1064 mc
593 999 696 1066 altero
713 1004 806 1064 tanto
821 999 974 1064 maiorem
990 1018 1085 1080 quam
1108 1018 1149 1064 ex
1163 999 1318 1082 Agricola

210 1104 388 1185 sumpsisse
411 1104 518 1169 fateor
534 1106 749 1185 exemplorum
763 1124 937 1187 numerum,
962 1105 995 1169 in
1012 1104 1186 1171 Germania
1209 1110 1318 1172 autem

210 1210 316 1291 paullo
352 1209 484 1297 (quarta
516 1210 586 1275 fere
619 1210 729 1296 parte)
769 1211 922 1277 maiorem
960 1230 1055 1292 quam
1092 1211 1126 1276 in
1164 1211 1318 1294 Agricola

213 1334 459 1399 synonymorum
482 1316 605 1397 copiam
620 1336 670 1382 me
685 1317 880 1399 repperisse.
915 1318 1026 1398 Neque
1046 1316 1128 1383 mira
1150 1322 1208 1383 aut
1229 1317 1316 1384 inex-

213 1427 359 1504 spectata
393 1422 539 1504 cuiquam
571 1424 651 1488 haec
683 1442 806 1489 summa
837 1424 1012 1490 videbitur:
1048 1443 1122 1489 nam
1156 1423 1318 1506 dialogum

212 1528 365 1594 orationis
392 1531 543 1594 ubertate
576 1528 693 1594 ceteris
727 1529 833 1595 Taciti
866 1529 996 1610 scriptis
1028 1533 1200 1611 praestare
1231 1530 1318 1596 inter

211 1654 318 1702 omnes
353 1634 512 1701 convenit.
564 1635 648 1717 Quid
672 1636 755 1716 quod
782 1636 842 1700 hac
868 1635 941 1716 ipsa
973 1636 1013 1700 de
1041 1655 1139 1701 causa
1167 1636 1315 1719 extitere,

212 1741 263 1822 qui
289 1742 373 1807 hunc
400 1741 541 1806 libellum
564 1741 671 1806 Taciti
698 1760 771 1807 esse
798 1740 978 1822 negarent?
1017 1741 1109 1823 Quod
1132 1746 1240 1808 autem
1263 1742 1318 1823 qui

211 1847 327 1912 tertius
349 1847 471 1930 prodiit
484 1847 567 1912 liber
583 1848 756 1914 secundum
772 1853 906 1928 superat
920 1849 980 1913 hoc
994 1848 1029 1912 in
1044 1867 1179 1931 genere,
1207 1848 1316 1914 nescio

209 1953 299 2019 casui
321 1973 364 2019 an
387 1954 570 2036 argumenti
593 1953 780 2020 diversitati
802 1954 951 2020 tribuam.

294 2060 371 2125 Jam
397 2079 475 2126 vero
502 2060 732 2143 aggrediamur
759 2060 802 2125 ad
827 2059 1098 2126 Historiarum
1123 2059 1238 2140 libros3
1271 2060 1317 2126 ibi

209 2165 385 2232 obveniunt
406 2166 512 2232 nobis:

297 2273 314 2337 I
337 2270 357 2337 7
381 2276 582 2357 imperatores
597 2275 710 2360 forma
738 2295 775 2338 ac
803 2274 910 2338 decore
938 2275 1077 2358 eorporis
1104 2281 1318 2357 comparantes

208 2416 252 2425 --
267 2377 309 2444 15
324 2382 478 2464 irrumpet
493 2382 644 2464 adulatio,
661 2381 831 2444 blanditiae
847 2378 923 2465 (or.)
940 2379 996 2464 (cf.
1015 2380 1079 2447 Cic.
1096 2381 1186 2445 Lael.
1204 2378 1314 2462 2531:

208 2487 327 2550 madiam
350 2490 384 2550 ia
406 2490 554 2552 amicitiis
570 2496 687 2571 pestem
710 2508 771 2552 esse
798 2491 946 2551 maiorem
974 2508 1068 2571 qaam
1095 2487 1314 2570 adaiadomm,

207 2591 386 2677 blanditias,
409 2595 661 2675 assectationem)
685 2631 728 2640 -
750 2589 791 2657 16
814 2596 842 2657 si
864 2597 1045 2658 immensam
1064 2596 1189 2676 imperii
1204 2614 1316 2677 corpas

206 2706 289 2762 stare
299 2684 341 2763 'ac
352 2699 465 2763 librari
470 2710 575 2783 posset
590 2698 666 2785 (er.)
679 2738 722 2746 -
734 2697 778 2764 30
793 2701 978 2786 traasfaqae
1002 2708 1030 2764 et
1045 2700 1214 2764 desertores
1236 2698 1314 2785 (or.)

208 2801 397 2889 (intercedit
424 2804 509 2870 enim
535 2805 657 2887 aliquid
684 2805 889 2893 discriminis)
910 2805 997 2871 inter
1027 2806 1087 2870 has
1115 2824 1225 2872 voces:
1259 2805 1315 2870 1111

206 2904 322 2976 relicta
345 2930 473 2976 suorum
496 2911 565 2976 acie
588 2912 630 2976 ad
652 2913 763 2976 hostes
780 2910 909 2992 transit,
933 2910 985 2976 hio
1008 2910 1129 2991 proelio
1160 2929 1313 2992 egressus

208 3019 243 3080 et
269 3035 344 3082 suos
373 3021 407 3082 11
433 3018 544 3082 hostes
571 3016 686 3098 fugere
714 3016 834 3081 studet.
881 3016 946 3082 Sed
972 3035 1088 3081 vereor
1115 3035 1155 3082 ne
1180 3016 1313 3082 Tacitus

205 3123 287 3189 haec
314 3128 371 3191 aut
398 3122 514 3189 similia
541 3124 643 3190 verba
670 3122 800 3204 saepius
832 3122 881 3187 ita
912 3121 1123 3204 coniunxerit,
1156 3127 1193 3187 ut
1226 3122 1314 3188 1111111

206 3228 371 3295 notionum
398 3229 589 3311 dispiciatur
616 3229 771 3297 varietas.
817 3228 915 3294 Velut
942 3229 1027 3310 quod
1049 3229 1203 3294 habemus
1230 3229 1272 3294 H.
1296 3229 1314 3293 Ι

206 3331 402 3401 7211111111
424 3358 461 3400 ac
472 3337 626 3420 proditor,
643 3336 805 3417 posterior
824 3354 889 3402 von
915 3334 1049 3417 gravior
1065 3340 1125 3417 est,
1149 3334 1208 3401 sed
1224 3354 1314 3400 suam

206 3441 238 3505 11.
260 3441 282 3506 l.
306 3441 372 3508 vim
394 3443 513 3507 habere
536 3461 600 3506 non
623 3441 704 3523 quit:
736 3461 840 3522 neque
864 3442 949 3507 enim
969 3442 1112 3523 prodidit
1135 3441 1313 3524 Tigellinus

206 3547 376 3631 Neronem,
400 3547 464 3613 nisi
486 3547 571 3614 forte
598 3548 734 3630 prodere
763 3548 873 3613 eodem
901 3548 972 3613 tere
1000 3567 1098 3615 sensu
1120 3547 1313 3629 accipiemus

207 3659 305 3735 atque
317 3654 478 3720 deserere.
514 3653 626 3739 (Haud
637 3654 733 3719 aliter
745 3654 837 3720 Caes
850 3656 881 3720 b.
895 3673 926 3736 g.
949 3651 1050 3719 17123
1065 3659 1101 3719 ia
1123 3656 1314 3721 deserturam

206 3782 243 3824 ae
261 3761 462 3844 prodituram
484 3782 611 3826 mamere
639 3759 816 3846 habeatur.)
861 3761 973 3842 Neque
995 3761 1098 3826 audeo
1126 3761 1311 3844 diiudicare,

207 3870 315 3933 utrum
338 3871 427 3933 certo
451 3866 592 3948 oonsilio,
616 3865 637 3931 i.
662 3884 689 3931 e.
715 3886 806 3932 suam
828 3865 956 3946 utrique
973 3867 1045 3933 voci
1067 3867 1133 3933 vim
1155 3866 1311 3949 tribuens,

207 3991 249 4038 an
279 3973 509 4039 consuetudine
541 3973 691 4056 quadam,
728 3992 792 4055 qua
825 3974 910 4039 tales
944 3971 1091 4038 notiones
1122 3972 1226 4039 libens
1259 3993 1312 4055 ge·

206 4079 351 4161 minavit,
376 4079 509 4147 Tacitus
538 4080 709 4163 scripsisse
736 4079 898 4161 putandus
927 4078 971 4144 sit
1007 4080 1048 4144 H.
1077 4079 1112 4145 H
1142 4077 1312 4145 44111111-

206 4194 304 4251 torem
313 4187 566 4274 proditoremque
581 4191 744 4272 imrepaat
758 4185 798 4252 A.
814 4185 850 4251 Π
865 4182 908 4250 10
922 4189 1023 4273 qeatis
1036 4207 1111 4251 suae
1126 4187 1262 4255 desertor
1284 4196 1312 4254 et
