2942 4625
701 293 743 356 29

160 471 355 537 varietatem
380 472 469 537 illam
499 494 562 536 uno
586 474 681 536 verbo
711 472 906 557 significavit
932 494 990 536 nec
1013 474 1159 556 pluribus
1183 476 1285 557 expli-

157 581 271 645 cavit?

254 685 315 752 Sed
338 687 402 754 iam
426 690 649 753 convertamus
673 688 815 751 animum
845 687 885 752 ad
909 710 962 754 eos
985 688 1079 762 10000,
1103 688 1157 754 ubi
1181 692 1286 754 neseio

159 819 204 859 en
241 795 323 859 nihil
358 796 536 860 intercedat
571 795 762 859 discriminis
795 797 882 860 inter
905 816 996 859 voces
1025 795 1151 860 similes.
1204 795 1286 870 Quid

160 904 250 967 enim
273 903 421 977 interest,
453 901 480 965 si
502 923 568 966 non
593 903 691 967 verba
714 902 857 985 singula,
888 904 941 967 sed
968 903 1159 966 sententiam
1183 905 1287 966 totam

162 1010 369 1094 respicimus,
394 1011 498 1075 inter:
530 1010 560 1087 1,
585 1010 605 1074 9
629 1012 707 1073 tueri
734 1012 767 1073 et
793 1012 956 1090 defendere
987 1009 1041 1091 (01.
1065 1007 1103 1073 G.
1130 1010 1285 1091 14010-

162 1122 262 1200 eipem
285 1122 373 1197 tueri,
399 1121 563 1199 defendere
585 1120 787 1201 praeeipuam
809 1127 1046 1183 sacramentam.
1091 1116 1154 1181 Cic.
1179 1116 1217 1179 de
1240 1139 1286 1182 or.

162 1225 189 1302 Ι,
216 1225 270 1301 38,
299 1227 357 1289 172
387 1230 482 1289 armis
511 1228 693 1307 prudentiae
724 1246 838 1289 causas
876 1230 955 1290 tueri
987 1235 1080 1307 atque
1113 1227 1286 1306 defendere.

164 1332 258 1397 Caes.
286 1332 322 1396 Β.
354 1330 386 1399 O.
418 1332 550 1398 11194:
585 1336 709 1396 tuemini
739 1341 845 1397 castra
873 1345 965 1417 atque
995 1332 1176 1417 defendite),
1211 1331 1287 1415 quid

165 1441 252 1504 inter
284 1440 315 1517 8,
349 1441 404 1507 15:
446 1450 660 1523 paupertatem
695 1444 728 1504 et
767 1446 928 1523 enpustias
966 1445 1091 1504 rernm?
1130 1439 1287 1522 quomodo

165 1548 335 1614 differunt:
360 1549 456 1625 fama,
482 1549 562 1627 laus,
586 1547 690 1631 gloria
715 1548 745 1625 7,
772 1549 829 1612 13:
852 1553 941 1631 fama
965 1560 994 1613 et
1017 1552 1085 1613 lans
1101 1552 1187 1611 enias
1211 1553 1288 1612 artis

167 1678 235 1719 000
270 1667 428 1720 cratonem
462 1659 563 1739 ptaria
598 1661 776 1737 comparari
810 1661 933 1738 potest?
966 1656 1021 1733 (cf.
1059 1656 1111 1732 18,
1144 1655 1165 1718 2
1199 1659 1288 1737 fama
1337 1641 1339 1645 ’

169 1767 326 1847 ploriaqae
349 1764 402 1840 26,
431 1766 486 1840 123
510 1763 563 1840 41,
588 1761 642 1828 27.
689 1762 730 1829 Η.
755 1762 813 1844 IV,
841 1762 881 1827 14
904 1768 973 1828 lans
996 1775 1025 1828 et
1047 1763 1171 1848 pluria).

257 1870 357 1935 Porro
382 1872 412 1950 9,
437 1871 497 1936 27:
532 1876 564 1936 in
585 1892 711 1936 nemora
735 1882 763 1935 et
787 1876 887 1950 tucos,
910 1874 943 1935 id
965 1883 1009 1937 est
1032 1876 1064 1936 10
1086 1874 1288 1949 solitudinem,

165 1981 366 2043 secedendum
400 1989 459 2042 est:
495 2001 599 2044 nonne
635 1978 688 2043 hic
722 1981 859 2064 scriptor
892 1980 960 2062 ipse
995 1979 1148 2044 extremis
1183 1979 1288 2044 verbis

166 2087 318 2151 distincte
333 2086 483 2164 ostendit,
506 2087 629 2171 priores
647 2108 738 2152 voces
758 2088 906 2173 neglecta
929 2107 1038 2150 earum
1062 2087 1218 2152 varietate
1241 2087 1288 2151 ita

166 2216 236 2258 esse
250 2193 497 2279 intellegendae,
522 2198 559 2258 ut
582 2193 802 2278 significarent
826 2195 896 2258 loca
920 2194 1087 2258 arboribus
1111 2194 1208 2259 densa
1232 2216 1289 2258 nec

162 2300 348 2366 hominibus
377 2299 605 2381 frequentata?
651 2298 762 2385 Neque
791 2301 837 2367 ibi
866 2302 969 2367 solum
1000 2302 1079 2367 haec
1109 2325 1287 2386 synonyma

164 2408 381 2492 reperiuntur,
405 2406 502 2470 etiam
530 2409 581 2485 12,
609 2412 623 2473 1
651 2413 757 2474 extat:
793 2431 919 2474 nemora
948 2420 976 2473 et
1000 2413 1060 2473 laci
1087 2421 1116 2474 et
1137 2420 1288 2475 secretam

162 2521 275 2599 ipsam.
303 2512 340 2579 G.
366 2514 385 2576 9
410 2517 493 2578 lacos
517 2536 555 2579 ac
577 2539 703 2581 nemora
728 2526 917 2583 0000000001.
952 2515 990 2584 G.
1009 2517 1051 2581 10
1075 2523 1144 2602 0001
1166 2520 1287 2601 publice

165 2628 291 2689 alantur
312 2625 408 2686 isdem
430 2626 603 2689 nemoribus
627 2647 665 2689 ac
688 2628 776 2690 tacis.
823 2624 860 2689 G.
885 2625 929 2691 45
953 2629 1136 2706 fecundiora
1163 2646 1290 2691 nemora

166 2736 309 2814 lucosque
344 2779 351 2793 .
389 2778 396 2793 .
433 2733 597 2796 occidentis
633 2736 741 2798 1000110
779 2737 930 2818 terraque
963 2739 1062 2800 inesse
1096 2734 1288 2798 crediderim.

169 2836 323 2922 (Reliquis
347 2838 379 2900 in
397 2837 487 2913 libris
503 2838 581 2904 haec
597 2841 694 2905 verba
712 2863 776 2905 non
792 2843 856 2906 iem
873 2837 1138 2926 coniunguntur.)
1177 2836 1290 2924 Neque

171 2966 243 3009 vero
263 2945 386 3030 ignoro,
410 2967 467 3028 per
489 2967 521 3010 se
538 2970 601 3011 non
617 2947 700 3011 idem
716 2947 899 3032 significare
915 2950 973 3013 has
989 2970 1090 3023 voces,
1114 2946 1167 3010 sed
1183 2947 1290 3009 lucum

168 3054 203 3115 et
230 3073 295 3116 csse
324 3057 450 3136 partem
480 3056 617 3118 nemoris
646 3052 705 3140 (sic
734 3053 814 3119 Cato
848 3076 898 3137 ap.
929 3051 1027 3117 Prisc.
1057 3052 1136 3118 XIV
1165 3076 1196 3137 p.
1221 3052 1288 3118 629

165 3161 278 3237 ,10000
297 3163 440 3224 Dianium
463 3164 495 3223 10
510 3183 632 3226 nemore
648 3165 773 3227 Aricina
791 3208 799 3225 .
818 3209 825 3225 .
843 3163 1018 3238 dedicauit‘,
1042 3160 1087 3225 010
1102 3159 1175 3226 Sen.
1194 3159 1290 3228 Herc.

168 3264 240 3334 Oet.
265 3266 296 3345 9,
321 3267 380 3333 56:
418 3270 632 3351 Orraecamqae
654 3272 737 3350 sidae
761 3272 1290 3351 00010900000000000110000

165 3376 285 3461 tenetis)
302 3383 335 3439 et
351 3377 453 3461 magis
469 3376 631 3440 involvere
647 3378 831 3443 sanctitatis
847 3377 1011 3441 notionem
1028 3374 1230 3462 (1101113,
1249 3376 1289 3440 15

170 3484 252 3560 Oeta
274 3495 403 3566 prosunt
427 3533 435 3550 .
461 3535 468 3550 .
493 3505 620 3547 nemora
648 3488 681 3547 in
704 3485 842 3549 domitas
869 3505 979 3549 saeros
1001 3488 1152 3550 imitantia
1176 3480 1289 3569 tucos);

167 3591 222 3654 sed
250 3613 321 3655 cum
345 3614 409 3656 non
432 3593 579 3657 omnibus
603 3592 679 3656 locis
704 3593 773 3656 voci
801 3592 914 3669 ,10000ι
938 3592 1018 3657 haec
1040 3592 1088 3655 vis
1114 3592 1291 3657 necessario

167 3698 332 3763 tribuatur
356 3698 409 3780 (cf.
432 3698 474 3763 Η.
498 3696 589 3763 1142
613 3702 821 3780 ferocissimos
844 3702 1045 3762 auxiliarium
1067 3699 1291 3763 imminentibus

167 3809 238 3869 atae
265 3809 342 3870 10010
371 3810 504 3870 occultos
533 3811 694 3889 earnpanit.
744 3805 894 3890 Calpurn.
920 3805 1000 3889 eelg.
1028 3804 1068 3884 V,
1094 3805 1151 3869 62:
1187 3827 1291 3870 aeram

168 3914 221 3976 ubi
251 3915 359 3977 (1001101
388 3918 451 3976 iam
483 3936 566 3979 aona
600 3924 753 3996 tepescere
781 3918 844 3978 sole
876 3916 1004 3995 Incipiet
1026 3934 1176 3996 saneque
1199 3915 1289 3975 oide-

169 4023 250 4083 bitnr
273 4025 351 4084 bora
374 4025 552 4098 merendae,
583 4012 703 4086 Iinrsas
733 4045 828 4105 pasce
858 4043 966 4104 propes
995 4032 1024 4085 et
1048 4042 1165 4105 opacos
1187 4024 1292 4085 desere

168 4128 276 4213 lacos),
288 4127 413 4213 saepius
429 4128 487 4192 illa
502 4129 577 4194 duo
594 4129 749 4194 vocabula
765 4128 958 4214 copulantur
979 4151 1037 4212 pro
1054 4129 1185 4195 notione
1197 4149 1291 4192 una:

169 4233 264 4323 Prop.
282 4233 339 4312 IV,
356 4236 386 4313 9,
403 4233 464 4310 24;
488 4234 586 4323 Verg.
602 4237 682 4324 eclg.
699 4236 781 4302 VIII
804 4237 846 4301 86
868 4260 925 4320 per
948 4259 1075 4303 nemora
1098 4245 1190 4323 atque
1213 4239 1292 4301 altos
