2942 4625
309 1148 479 1218 Uberioris
508 1147 674 1217 cuiusdam
701 1153 760 1216 aut
787 1145 983 1215 abundantis
1007 1146 1165 1215 sermonis
1189 1146 1337 1232 exempla

221 1279 262 1326 ex
284 1257 376 1325 libris
400 1256 519 1342 Taciti,
539 1276 632 1340 quern
648 1276 772 1326 summa
788 1253 978 1323 elocutionis
989 1256 1155 1325 brevitate
1171 1256 1337 1340 scriptori-

220 1367 281 1433 bus
315 1384 420 1448 paene
455 1364 602 1432 omnibns
636 1368 811 1450 praestare
835 1366 974 1447 constat,
999 1363 1189 1447 conquirere
1212 1364 1241 1430 si
1265 1364 1336 1448 quis

221 1472 388 1556 suscipiat,
405 1471 502 1540 facile
517 1471 595 1539 litus
611 1471 764 1541 uideatur
779 1481 885 1537 arare.
909 1471 1023 1553 Neque
1038 1464 1148 1538 tamen
1163 1471 1338 1555 diligenter

220 1584 410 1662 attenteque
433 1579 595 1663 legentem
620 1578 737 1663 fugere
761 1581 915 1661 poterunt
929 1577 1018 1645 haud
1032 1578 1127 1661 pauci
1151 1577 1237 1662 apud
1247 1578 1337 1646 illum

220 1686 292 1773 loci,
314 1686 371 1754 ubi
394 1686 574 1754 orationem
596 1685 778 1756 invenimus
801 1686 979 1769 pleniorem
1002 1689 1036 1752 et
1050 1684 1240 1770 uberiorem,
1265 1686 1336 1755 sive

220 1793 409 1878 synonymis
433 1812 515 1876 quae
538 1799 699 1863 uocantur
720 1794 815 1861 iuxta
836 1792 956 1877 positis
973 1792 1044 1862 siue
1059 1812 1140 1861 voce
1156 1792 1263 1859 altera
1278 1798 1336 1860 ant

219 1921 279 1984 per
301 1901 440 1968 alteram
454 1906 512 1968 aut
527 1920 586 1984 per
597 1901 726 1984 plenum
743 1900 950 1968 enunciatum
961 1906 1094 1983 praeter
1105 1900 1336 1967 necessitatem

221 2009 383 2091 explicata
399 2007 469 2077 sive
486 2009 585 2075 etiam
599 2008 730 2076 notione
747 2010 788 2075 ab
805 2008 920 2092 altera,
936 2006 1022 2075 idem
1036 2007 1107 2074 fere
1120 2006 1334 2092 significante,

220 2134 389 2198 suspensa.
437 2115 560 2201 Quodsi
583 2115 664 2182 talia
685 2114 863 2182 identidem
886 2115 973 2199 apud
1007 2116 1156 2182 Taciturn
1181 2115 1335 2183 obvenire

220 2222 301 2307 dico,
336 2223 434 2290 nolim
467 2223 516 2289 ita
549 2223 707 2307 intellegi,
744 2223 839 2305 quasi
871 2223 932 2289 hoc
955 2222 1082 2290 dicendi
1105 2241 1209 2306 genus
1233 2241 1335 2305 aeque

220 2330 403 2398 Tacitinum
426 2350 501 2398 esse
524 2350 674 2398 censeam
696 2336 796 2414 atque
810 2331 1009 2399 brevitatem
1019 2330 1109 2397 illam
1123 2330 1335 2398 multifariam

220 2437 386 2504 laudatam
408 2438 684 2522 illustratamque3
709 2437 794 2521 quod
808 2437 891 2505 adeo
906 2457 971 2505 non
987 2438 1167 2522 statuerim,
1191 2442 1228 2505 ut
1243 2437 1332 2523 talia,

220 2546 261 2611 ab
296 2545 366 2612 eius
399 2545 530 2629 proprio
566 2565 713 2614 sermone
736 2545 854 2629 aliena,
889 2564 931 2612 ex
963 2545 1107 2628 priorum
1141 2545 1335 2629 scriptorum

220 2651 328 2719 studio
351 2651 457 2720 animo
482 2653 551 2720 eius
574 2653 759 2720 inhaesisse
783 2657 817 2720 et
838 2652 941 2721 invito
965 2652 1036 2735 ipso
1059 2653 1094 2719 in
1116 2653 1241 2735 scripta
1263 2653 1333 2720 eins

218 2758 393 2842 irrepsisse
427 2779 621 2843 persuasum
653 2761 801 2828 habeam.
858 2760 942 2826 Nam
982 2759 1141 2826 uberioris
1176 2761 1334 2827 sermonis

220 2866 367 2949 exempla
401 2867 487 2951 apud
520 2887 638 2951 prosae
673 2867 830 2935 orationis
865 2867 1043 2950 scriptores
1079 2866 1130 2954 (ut
1164 2865 1204 2932 de
1227 2867 1333 2951 poetis

219 2974 361 3062 taceam)
396 2978 450 3041 sat
475 2975 578 3041 multa
600 2975 811 3044 inveniuntur
838 2993 944 3057 neque
967 2993 1007 3040 ea
1029 2971 1226 3056 paucissima
1248 2974 1335 3057 apud

220 3080 406 3148 Ciceronem
434 3087 468 3148 et
497 3082 698 3167 Sallustium,
733 3100 868 3164 quorum
895 3080 1019 3163 scripta
1050 3080 1185 3147 Tacitus
1214 3085 1252 3148 ut
1273 3101 1335 3165 par

219 3193 271 3254 est
291 3193 433 3257 noverat
456 3208 653 3273 quorumque
676 3189 850 3256 dictionem
873 3188 902 3254 si
916 3207 981 3255 non
996 3187 1037 3253 de
1052 3185 1215 3255 industria
1229 3188 1333 3255 imita-

218 3298 272 3362 tus
296 3300 332 3368 at
353 3295 498 3363 fortasse
520 3297 634 3364 nolens
656 3296 710 3364 hic
732 3296 799 3363 illic
822 3300 953 3363 secutus
977 3300 1038 3362 est.

307 3403 373 3470 Sed
395 3403 517 3470 dixerit
539 3404 621 3488 quis,
644 3403 765 3471 iniuria
786 3422 838 3470 me
859 3404 941 3470 haec
964 3402 1160 3470 abundantis
1177 3401 1333 3470 orationis

220 3510 367 3594 exempla
400 3509 552 3578 Tacitina
574 3510 693 3595 dicere,
729 3500 880 3594 quoniam
903 3509 1021 3577 similia
1053 3509 1118 3576 illis
1142 3509 1229 3593 apud
1251 3511 1332 3577 alios

219 3617 370 3702 eiusdem,
395 3637 459 3700 qua
481 3617 676 3704 ille'floruit
691 3619 812 3685 aetatis
836 3617 1014 3700 scriptores
1038 3623 1225 3700 occurrant3
1249 3608 1334 3701 quod

219 3725 282 3791 etsi
305 3725 543 3792 concedendum
565 3730 627 3811 est,
652 3725 767 3813 (atque
789 3725 861 3809 ipse
884 3724 963 3792 data
985 3724 1155 3792 occasione
1179 3724 1289 3793 verbis
1313 3744 1334 3791 a

218 3831 333 3898 Tacito
357 3832 563 3900 abundanter
576 3832 705 3918 positis,
724 3833 831 3916 quoad
846 3833 915 3900 eius
930 3831 1002 3899 fieri
1016 3832 1132 3916 potuit,
1157 3831 1276 3898 similia
1292 3850 1333 3898 ex

218 3939 406 4021 aequalibus
430 3940 500 4007 eius
523 3940 699 4028 adscripsi)
722 3944 913 4007 tamennon
934 3939 1007 4006 ideo
1023 3939 1244 4006 necessarium
1259 3957 1333 4005 esse

218 4045 378 4131 existimo,
396 4066 505 4114 omnes
522 4047 661 4115 omnium
676 4046 763 4115 illius
775 4048 897 4114 aetatis
909 4046 1104 4130 scriptorum
1115 4044 1332 4114 abundantias

216 4150 269 4219 hic
291 4151 455 4237 conferre3
479 4154 580 4242 (quod
607 4174 648 4222 ne
676 4173 736 4239 per
758 4155 900 4239 spatium
928 4154 1055 4239 quiden
1074 4154 1149 4222 huic
1179 4152 1332 4237 opusculo
