2942 4625
725 293 767 355 27

178 473 239 558 qui
261 494 334 537 cum
358 474 418 537 hac
440 471 645 556 comparendi
667 468 797 558 essent).
837 472 887 550 ll,
906 472 946 537 13
970 476 1096 537 uotitiae
1113 495 1152 538 ac
1173 475 1304 537 uomiuic

180 580 236 666 (cf.
254 581 309 659 36,
326 580 392 665 21).
431 580 519 658 12,6
544 582 613 644 loca
627 601 709 663 pura
732 588 762 643 et
783 583 966 646 innocentia.
1010 580 1061 659 12,
1088 581 1129 645 15
1152 585 1249 664 poetis
1276 589 1305 644 et

178 691 315 754 cotibus,
344 688 421 765 14,1
437 691 606 751 concitatus
617 697 645 750 et
655 690 823 751 instinctus.
850 688 900 767 17,
914 688 957 754 34
969 692 1151 771 couiuuqere
1163 699 1191 753 et
1202 711 1304 772 copu-

181 800 250 861 lare
263 794 317 883 (cf.
330 793 396 861 Cic.
407 796 445 860 de
456 816 502 860 or.
514 794 540 875 l,
557 791 607 873 51,
624 795 704 863 222:
722 817 764 861 au
778 799 854 860 leaeo
865 800 945 860 iuter
960 820 993 860 se
1007 800 1091 880 iuuqt
1106 800 1306 881 copularique

183 909 311 988 posciut.
329 924 376 968 or.
394 902 473 967 154:
491 905 664 985 copulando
675 907 772 969 cerba
783 907 958 988 iuuqebaut.
974 903 1058 972 Plin.
1069 926 1117 990 ep.
1130 903 1211 969 VIII
1224 905 1305 982 20,6

183 1012 336 1078 iuterrluru
351 1015 473 1075 iuuctae
485 1013 706 1094 copulataeque
717 1022 787 1077 suut
798 1013 923 1098 aquae).
940 1013 991 1093 18,
1006 1014 1025 1077 6
1038 1016 1157 1078 horridi
1168 1023 1197 1077 et
1208 1016 1306 1096 impo-

182 1125 229 1186 liti
244 1129 273 1185 et
295 1121 387 1184 rudes
409 1128 438 1184 et
460 1120 608 1200 informes
631 1117 684 1203 (cf.
701 1117 740 1187 G.
757 1119 800 1196 45
816 1125 954 1186 sucinum
970 1168 979 1186 .
996 1168 1004 1186 .
1021 1124 1098 1186 rude
1114 1124 1234 1205 lepitur,
1257 1123 1306 1184 iu·

183 1232 283 1311 sorau
305 1226 488 1311 perfertur).
529 1226 580 1304 19,
606 1226 624 1290 7
647 1229 762 1292 iudicio
785 1239 814 1292 et
835 1232 996 1294 intellectu.
1038 1229 1089 1309 19,
1115 1230 1156 1294 27
1180 1231 1306 1304 iudices,

187 1340 242 1421 qui
263 1340 293 1400 oi
314 1344 343 1399 et
364 1338 526 1419 potestate,
549 1356 610 1400 uou
632 1338 699 1400 iure
722 1345 778 1399 aut
800 1339 915 1419 leqibus
931 1347 1115 1421 coquoecuut
1137 1336 1191 1424 (cf.
1209 1334 1247 1401 G.
1263 1333 1307 1398 42

188 1448 236 1509 oie
260 1455 289 1508 ct
315 1445 461 1528 potentia.
514 1440 555 1510 H.
579 1441 623 1521 ΙΙ,
652 1442 705 1509 39.
735 1441 798 1523 ΙΙΙ,
829 1445 881 1512 11.
911 1443 999 1510 Caes.
1029 1446 1061 1511 b.
1090 1465 1123 1529 g.
1147 1442 1205 1524 VI,
1239 1441 1306 1528 14).

185 1551 242 1631 22,
269 1551 308 1615 17
338 1553 445 1632 prmus
472 1561 501 1615 et
529 1553 698 1616 duraturus
723 1556 841 1635 paries.
888 1552 941 1631 22,
966 1552 1008 1618 27
1038 1556 1132 1619 tarda
1160 1562 1189 1617 et
1217 1553 1309 1615 iuerti

184 1670 354 1725 structura.
389 1659 444 1738 23,
462 1658 506 1725 30
522 1662 699 1742 maliquitas
714 1670 744 1724 ct
764 1663 882 1726 lucilia
905 1659 960 1740 25,
976 1661 1019 1726 33
1035 1683 1097 1728 uou
1117 1664 1309 1743 maliqnitate

185 1792 244 1835 uec
273 1770 401 1833 inuidia.
448 1765 500 1846 25,
526 1767 566 1832 31
598 1776 629 1831 ct
657 1770 794 1833 iuoidere
826 1778 854 1833 et
882 1773 974 1834 licere
1001 1771 1115 1834 solitos.
1162 1768 1242 1854 Agr.
1265 1765 1307 1831 41

192 1879 386 1959 maliquitcte
422 1884 451 1939 et
479 1878 575 1940 lioore
609 1874 662 1962 (cf.
698 1874 774 1942 Sen.
806 1877 845 1942 de
873 1876 922 1942 ira
950 1875 1010 1956 III,
1033 1875 1064 1956 ὅ,
1090 1876 1110 1941 8
1137 1881 1187 1941 ira
1219 1879 1312 1939 uiucit

187 1987 408 2068 ruoliquitatem
434 1993 463 2047 ct
485 1986 642 2049 iuoiaiara.
691 1980 779 2051 Suet.
804 1983 871 2051 0111.
896 1986 955 2050 34:
989 2008 1051 2052 noo
1077 1989 1193 2051 minore
1216 1986 1310 2048 liuore

188 2104 282 2177 atque
312 2094 504 2173 maliquitate
527 2141 536 2159 .
561 2140 568 2157 .
592 2102 756 2176 quassatus
783 2093 851 2178 est).
904 2091 945 2160 H.
974 2092 990 2158 Ι
1029 2095 1044 2158 1
1074 2096 1254 2160 obtrectatio
1282 2101 1311 2155 et

189 2204 278 2269 licor.
325 2198 424 2264 1199
449 2201 587 2265 odiorum
615 2204 808 2284 inuidiaeque
836 2204 1068 2269 admonebatur.
1115 2200 1155 2265 A.
1179 2199 1229 2265 III
1256 2200 1311 2263 10:

188 2313 289 2376 odium
319 2319 348 2374 et
377 2309 524 2372 iuvidiam
554 2312 641 2391 opud
655 2313 765 2375 multos
779 2313 883 2374 calere
899 2309 973 2397 (or.)
986 2310 1016 2396 ¹)
1050 2310 1092 2378 Η.
1108 2307 1125 2374 Ι
1142 2309 1184 2374 65
1201 2330 1309 2373 acmu-

191 2423 266 2484 latio
290 2428 319 2483 et
342 2419 468 2481 inuidia.
503 2414 537 2480 II
553 2417 594 2481 21
619 2422 737 2483 inuidia
760 2428 789 2483 et
812 2422 1025 2484 aemulatione.
1060 2418 1094 2483 II
1113 2418 1174 2483 101
1201 2439 1310 2481 aeoric-

192 2531 305 2592 latione
327 2527 514 2608 inuidiaque.
549 2521 600 2587 III
623 2525 666 2591 65
689 2530 807 2591 inuidia
830 2538 859 2591 ct
875 2529 1088 2594 aemulatione.
1126 2525 1166 2591 In
1188 2524 1309 2590 annali-

188 2633 352 2700 battalia
379 2653 443 2697 non
470 2634 533 2697 iem
561 2633 752 2710 obveniunt3
787 2635 828 2716 cf,
854 2634 892 2700 A.
917 2633 999 2699 XIII
1020 2630 1244 2700 42‘Senecam
1268 2682 1275 2696 .
1302 2682 1309 2697 .

190 2747 282 2808 liuere
306 2746 350 2806 eis
378 2739 456 2825 (non
485 2739 593 2805 addito
623 2741 825 2827 synonymo).
875 2741 958 2820 Quid
991 2748 1098 2810 autem
1134 2741 1312 2807 intercedat

195 2848 384 2917 discriminis
399 2848 484 2913 inter
500 2847 559 2913 has
570 2870 671 2927 voces,
687 2850 808 2932 optime
824 2852 994 2934 apparebit
1010 2873 1049 2915 ex
1065 2850 1147 2916 Plin.
1164 2872 1238 2934 pan.
1253 2850 1311 2913 84:

194 2961 359 3024 aemulatio
382 2961 583 3022 nasciturae
607 2960 831 3038 coniunctione,
861 2962 955 3022 alitur
981 2963 1182 3042 aequalitate,
1212 2980 1312 3022 eaur-

195 3070 290 3132 tleccit
312 3069 439 3145 inuidia,
464 3069 550 3130 cuius
571 3067 641 3146 pinis
663 3074 708 3128 est
731 3066 843 3130 odium.
862 3101 905 3113 -
925 3065 980 3143 26,
1004 3064 1025 3130 2
1048 3072 1161 3149 optimo
1184 3077 1213 3132 ct
1234 3088 1312 3149 per-

191 3178 359 3259 fectissimo
383 3195 493 3257 quaere
516 3176 706 3256 eloquentiae
729 3172 784 3258 (ef.
802 3174 856 3253 34,
874 3173 933 3241 22:
958 3180 1089 3257 optimus
1110 3186 1139 3239 et
1162 3179 1311 3240 electissi-

192 3283 283 3369 mus),
331 3280 385 3359 28,
411 3280 452 3345 19
475 3283 615 3364 probatis
637 3285 852 3365 spectatisque.
892 3281 947 3361 29,
973 3284 1012 3347 11
1036 3286 1169 3366 propria
1193 3303 1232 3346 ac
1252 3303 1313 3363 pe-

194 3395 328 3455 culiaria
350 3393 426 3454 uitia
455 3386 558 3473 (Suel.
581 3387 666 3475 Aug.
691 3388 722 3454 5.
754 3395 844 3473 quasi
870 3396 1000 3475 proprio
1022 3412 1079 3456 suo
1102 3412 1141 3455 uc
1161 3393 1313 3474 peculiari

192 3501 260 3566 cleo.
313 3497 395 3562 Plin.
426 3518 500 3581 pan.
524 3496 555 3560 2.
584 3501 690 3579 optimi
719 3520 886 3582 coquomeu
910 3549 919 3567 .
944 3549 952 3566 .
980 3503 1137 3581 peculiare
1165 3501 1254 3563 huius
1285 3508 1314 3561 et

189 3604 376 3691 proprium).
423 3605 477 3682 29,
514 3603 556 3668 14
584 3616 753 3688 occupatus
788 3617 816 3671 et
844 3610 983 3673 obsessus
1012 3611 1140 3672 auimus.
1188 3606 1241 3684 30,
1271 3604 1312 3670 23

192 3737 294 3778 rerum
318 3723 416 3778 uectus
440 3735 611 3798 caricaeque
628 3727 813 3796 copuooerut
836 3714 998 3801 (simililer
1013 3737 1108 3780 causa
1123 3736 1196 3780 cum
1211 3714 1314 3779 aliero

192 3822 347 3888 vocabulo
371 3820 509 3886 eiusdem
533 3820 599 3887 fere
622 3822 764 3887 notionis
788 3824 994 3911 coniungiI-ur
1009 3822 1071 3909 Ag.
1092 3823 1133 3887 10
1156 3844 1253 3887 causa
1276 3844 1314 3886 oc

193 3934 335 3995 materia.
360 3928 436 3993 (1.9
461 3950 558 3994 causa
580 3940 609 3993 et
625 3934 722 4012 oripo.
747 3930 788 3995 H.
807 3930 823 3995 I
845 3930 898 3996 51.
923 3930 1003 3997 111.
1026 3935 1116 3996 iuitia
1132 3953 1312 4015 causasque.

191 4074 378 4083 *anm—‹⁴0-
388 4074 407 4078 ....

271 4161 298 4228 ¹)
318 4161 455 4232 Exempla
473 4162 527 4216 hoc
545 4161 617 4232 siglo
637 4164 699 4229 (or.)
719 4163 820 4218 nol-ate
838 4162 931 4233 pet-iia
951 4164 1016 4219 sunt
1040 4180 1075 4219 ex
1102 4163 1314 4221 orationibusa

194 4252 295 4308 Tacito
313 4252 395 4307 fictis.
