2942 4625
643 251 683 314 18

102 434 152 487 tca
175 446 305 488 canaam
327 429 360 489 id
384 427 438 512 (sc.
464 428 689 511 imperatorem
713 432 892 518 appellare)
915 438 1104 519 solutamque
1127 460 1229 519 paena

102 536 214 613 sacrat.
238 529 300 596 XV
319 535 361 598 10
383 538 415 599 in
438 537 563 599 diuersa
586 558 625 599 ac
648 540 803 602 deteriora
826 545 988 607 transibat.
1013 545 1057 608 24
1072 568 1105 609 se
1120 550 1229 627 priora

102 650 130 702 et
164 644 273 703 totiens
305 645 425 708 iactata
459 665 540 708 nanc
562 648 699 708 omittere
735 646 777 709 28
812 667 873 711 aaa
897 653 1049 731 infensam
1078 674 1135 715 nec
1161 675 1229 716 cam
1355 735 1360 738 -

101 750 202 811 bestiti
225 751 296 812 adia
321 749 502 812 Corbulonis
524 773 633 815 nomen
658 802 666 817 .
691 801 699 816 .
723 756 905 824 habebatur.
951 754 1030 820 XVI
1070 758 1108 822 18
1145 762 1229 823 dicta
1343 803 1345 807 ,

101 858 250 938 factoque
273 860 338 920 cias
360 865 475 939 qaantc
503 861 652 924 sotatiora
680 871 709 923 et
736 863 893 943 pecandum
927 868 975 926 sai
1008 869 1228 949 neptepentiam

99 966 322 1045 praeferentia.
359 963 413 1027 22.
449 968 606 1030 assiduam
641 972 712 1032 atim
747 978 776 1032 et
803 963 999 1051 indefessam.

188 1069 262 1136 Jam
279 1074 405 1137 restant
423 1073 579 1139 nonnulla
595 1075 752 1161 exempla,
769 1076 802 1139 in
826 1078 1031 1144 annalium
1046 1079 1138 1144 libris
1152 1102 1229 1147 con-

101 1177 221 1262 spicua,
255 1179 312 1245 ubi
333 1179 483 1245 similiter
506 1185 604 1265 atque
628 1203 725 1267 snpra
748 1185 790 1262 id,
814 1184 898 1267 quod
922 1185 1068 1265 adicitur,
1103 1189 1227 1254 abunde

100 1285 182 1351 adici
195 1286 345 1352 arbitror.
370 1286 422 1350 An
434 1286 623 1373 scriptorem
640 1290 809 1356 brevitatis
821 1291 996 1358 studiosum
1008 1300 1226 1380 exspectamus

100 1392 237 1459 scribere
252 1392 279 1473 Ι,
299 1394 340 1459 18
363 1398 476 1460 detrita
499 1400 633 1479 tepmina
645 1407 674 1461 et
686 1401 799 1463 nadam
813 1422 926 1483 corpas
937 1404 1169 1483 exprobrantes.
1182 1404 1221 1468 61
1239 1465 1241 1468 .

11 1501 12 1504 ’
98 1504 151 1565 abi
165 1504 282 1582 infelici
297 1505 411 1567 dentre
426 1513 456 1567 et
470 1525 527 1569 sao
542 1507 605 1568 icta
620 1515 748 1571 mortem
763 1511 921 1573 inuenerit.
938 1507 972 1573 II
996 1508 1040 1574 25
1055 1513 1183 1576 inuictos
1196 1519 1224 1573 ct

98 1612 189 1674 nattis
216 1613 339 1676 casibus
366 1614 559 1695 superabiles
582 1615 739 1680 Romanos
760 1618 1010 1698 praedicabant?
1034 1654 1075 1665 -
1098 1618 1146 1683 At
1167 1639 1227 1684 au·

99 1722 196 1801 31101
220 1720 380 1784 sententia
404 1724 437 1783 et
460 1718 677 1806 amplificatur
693 1721 759 1785 illis
775 1723 1017 1788 additamentis:
1042 1721 1227 1787 illustratur

98 1824 222 1891 adiecto
245 1827 375 1905 ‚nudum
391 1835 516 1912 corpus‘
530 1828 572 1909 id,
597 1828 681 1912 quod
697 1831 785 1913 prius
801 1834 893 1895 extat
908 1829 1039 1910 ‚detrita
1060 1830 1226 1915 tegmina,

99 1936 136 1995 ut
159 1932 213 1996 hic
237 1933 303 2000 fere
327 1935 443 2000 eradat
466 1956 590 2001 sensus:
626 1935 704 2001 adeo
727 1937 847 2003 detrita
870 1937 1024 2023 tegmina,
1052 1940 1090 2000 ut
1111 1957 1227 2022 corpus

99 2041 165 2105 iam
190 2040 416 2106 denudaretur.
463 2040 554 2107 Licet
589 2043 649 2108 hoc
680 2044 749 2110 loco
781 2044 841 2108 tali
863 2043 1131 2129 interpretatione
1154 2047 1226 2108 tue-

99 2169 192 2212 amur
216 2149 386 2214 verborum
415 2147 677 2235 significationes,
714 2152 748 2218 in
783 2151 897 2216 ceteris
930 2172 969 2215 ne
1003 2150 1064 2215 hac
1098 2150 1226 2234 quidem

98 2259 170 2321 arte
206 2257 287 2322 bene
320 2255 369 2320 uti
403 2258 590 2341 poterimus.
648 2257 748 2326 Porro
782 2258 1006 2324 illustraturne
1041 2256 1095 2342 (ne
1123 2258 1226 2324 dicam

101 2365 265 2450 expletur)
288 2364 459 2442 sententia,
484 2365 511 2428 si
535 2365 681 2432 Tiberius
705 2366 739 2430 ΙΙ
763 2367 815 2446 83,
851 2366 906 2430 ubi
929 2365 1040 2450 agitur
1063 2365 1102 2430 de
1125 2366 1227 2450 clipeo

99 2470 289 2536 Germanico
312 2470 397 2534 iuter
413 2476 558 2538 auctores
582 2475 785 2558 eloquentiae
801 2471 934 2538 dicando
955 2475 1077 2535 solitam
1096 2494 1226 2555 parem-

98 2601 156 2662 001
181 2583 291 2644 ceteris
313 2600 347 2642 se
370 2577 551 2644 dicaturum
582 2581 768 2664 promittit?
818 2577 955 2642 Abunde
987 2578 1117 2643 additur
1155 2601 1226 2665 ,pa-

98 2708 228 2771 remque
246 2684 382 2761 ceteris,
401 2708 476 2749 nam
494 2687 614 2772 clipeus
626 2688 730 2771 impar
742 2685 855 2752 ceteris
867 2706 929 2749 non
942 2685 1005 2749 iam
1018 2686 1067 2748 est
1079 2687 1225 2763 ‚solitus‘.

188 2791 334 2876 Itemque
360 2792 518 2858 redundat
540 2794 601 2873 ΙΙΙ,
626 2795 657 2859 8.
681 2798 778 2859 citato
800 2796 882 2859 omni
902 2802 1030 2870 secreto,
1053 2813 1128 2857 cum
1149 2813 1226 2876 pro·

97 2902 181 2966 xime
217 2900 387 2985 praecedat
419 2904 547 2984 patcm;
581 2902 704 2987 (paullo
741 2902 837 2967 aliter
871 2922 977 2965 resse
1001 2898 1223 2966 habet1135

96 3013 203 3092 putam
237 3019 266 3072 et
287 3009 344 3072 sab
369 3010 466 3073 acatis
491 3011 648 3084 Caesaris,
690 3008 766 3093 quia
795 3028 878 3090 quae
900 3008 1008 3091 palam
1037 3005 1131 3085 fiunt,
1159 3029 1223 3073 11011

96 3119 165 3182 ideo
200 3116 234 3181 in
264 3121 438 3200 conspectu
467 3114 612 3180 Caesaris
647 3114 717 3179 fieri
752 3135 877 3180 necesse
913 3115 987 3200 est.)
1032 3112 1115 3189 Quid
1149 3133 1221 3178 vero

96 3222 306 3289 iudicabimus
329 3222 377 3288 IV
400 3224 442 3287 49
472 3226 651 3288 contrahere
680 3225 818 3286 etaastra
848 3233 980 3305 artaque
1007 3222 1221 3286 circumdare?

96 3352 200 3396 nonne
223 3330 363 3395 alterum
379 3330 411 3393 in
429 3330 532 3395 altero
548 3331 653 3394 latet?
675 3353 753 3395 num
776 3329 878 3394 maius
902 3335 960 3394 aut
982 3330 1110 3395 omnino
1133 3326 1219 3395 aliud

95 3443 154 3517 est,
191 3438 276 3504 ritae
300 3437 515 3515 manifestum,
539 3435 638 3515 aliud,
667 3438 844 3520 spirantem
874 3459 950 3515 esse,
986 3457 1068 3520 quae
1091 3434 1220 3500 Tacitus

95 3546 262 3612 coniunxit
293 3542 358 3609 XII
381 3542 440 3610 51:
471 3547 637 3609 Zenobiam
664 3548 790 3626 placida
817 3549 850 3608 in
873 3547 969 3608 etacio
990 3547 1159 3625 spirantem
1182 3562 1221 3605 ae

94 3658 176 3718 citae
192 3655 387 3736 manifestam
402 3653 562 3716 aduertere
572 3656 739 3735 pastores?
753 3651 837 3728 Quin
853 3673 894 3716 ne
906 3648 1067 3716 dubitavit
1082 3647 1219 3732 quidem,

96 3762 219 3826 notioni
242 3760 369 3826 fortiori
392 3760 495 3824 multo
518 3760 669 3824 leviorem
693 3760 867 3844 adiungere
894 3755 958 3821 XII
974 3756 1034 3821 st:
1070 3757 1222 3819 ananan

96 3866 264 3952 (aquarum
291 3867 336 3952 11)
360 3870 556 3931 atterioribas
580 3878 633 3930 cat
655 3869 786 3950 (rapere
809 3874 838 3930 et
859 3868 960 3928 sanita
983 3865 1148 3927 exterritis.

186 3975 234 4038 Αο
260 3975 336 4038 11011
360 3973 452 4037 nobis
476 3974 573 4036 etiam
598 3974 725 4058 longius
742 3970 1018 4056 progredientibus
1034 3971 1096 4035 hac
1109 3968 1142 4030 in
1157 3965 1219 4042 via,

95 4101 167 4141 cum
203 4080 454 4164 congesserimus
489 4080 650 4161 exempla,
686 4078 741 4141 ubi
774 4099 835 4142 vox
869 4077 978 4160 aliqua
1010 4078 1044 4141 in
1077 4070 1219 4159 proxime

96 4184 364 4268 subsequentibus
388 4184 508 4247 certius
532 4182 759 4262 definiebatur,
791 4185 857 4247 sive
885 4189 963 4266 apta
987 4188 1063 4249 erat
1087 4180 1146 4244 illa
1168 4176 1218 4241 de·
