2942 4625
720 226 763 291 26

184 406 262 473 Pan.
289 408 341 486 11,
364 406 387 471 4
409 415 560 472 ueteres
582 416 611 470 et
634 410 812 491 antiquos
835 408 1011 471 aemularis.
1048 404 1156 470 Pleut.
1180 405 1267 473 Pers.
1292 408 1310 473 I

182 516 213 593 2,
239 516 268 582 1.
292 524 454 580 ueterem
478 524 506 579 et
530 519 725 598 neutiquam
749 524 917 598 cerasetum.
942 512 1005 579 Cic.
1024 512 1107 582 PhiL
1124 513 1166 594 V,
1185 516 1237 593 17,
1252 516 1308 583 47.

184 627 317 689 maiores
339 626 446 702 nostri,
475 634 623 688 ueteres
650 625 704 701 itti,
728 624 892 688 admodum
927 621 1089 705 antiqui.
1120 620 1203 689 Plin.
1227 623 1308 691 Pan.

186 731 238 799 12.
263 734 370 795 ducem
393 753 433 795 ec
448 734 508 796 ittis
530 731 725 796 ueteribus
747 739 781 792 et
803 733 955 809 priscis.
978 727 1064 797 Vell.
1087 728 1115 811 Ι,
1142 731 1182 795 16
1205 736 1308 813 pris-

181 860 259 904 cam
282 849 311 903 et
334 848 498 903 veterem
521 841 723 922 troqoediam.

270 943 382 1030 Neque
405 946 682 1030 praetermittam,
711 966 777 1009 non
805 944 901 1009 aliter
928 967 965 1011 ao
988 948 1080 1010 vetus
1110 947 1307 1012 eontrarium

181 1053 249 1119 eius
281 1075 353 1118 eum
382 1052 481 1117 simili
508 1052 665 1118 adieetivo
693 1051 851 1137 copulari:
887 1052 964 1120 diat.
988 1053 1018 1127 6,
1041 1052 1084 1117 27
1120 1075 1251 1118 nouom
1278 1066 1308 1119 et

180 1170 365 1225 recentem
381 1180 488 1225 curam
504 1159 536 1240 8,
552 1160 584 1225 3.
608 1162 748 1226 libentius
770 1163 880 1224 nanis
902 1170 931 1223 et
954 1163 1190 1239 recentibus,
1214 1183 1307 1245 quam

181 1272 305 1333 remotis
338 1277 368 1332 et
401 1271 584 1334 oblitteratis
615 1270 763 1349 menete
797 1276 877 1333 utor.
927 1266 969 1335 H.
994 1265 1042 1331 IV
1066 1267 1109 1332 ob
1144 1291 1244 1334 naua
1278 1281 1306 1335 et

180 1380 354 1441 recentia
376 1379 458 1440 iura.
494 1374 549 1460 (of.
574 1373 639 1443 oie.
662 1397 694 1460 p.
717 1372 820 1441 Flace.
846 1375 881 1441 6:
916 1378 981 1458 leae
1004 1378 1063 1440 bac
1091 1380 1239 1440 recenti
1261 1398 1307 1446 ao

180 1504 287 1549 nooa.
323 1481 771 1564 Liv.35‚10.teounnu
798 1503 897 1548 noea
927 1504 966 1547 oc
1001 1486 1179 1548 recentia
1201 1487 1305 1547 omnia

181 1594 224 1657 od
252 1595 387 1675 qratiam
410 1598 527 1669 erant.)
574 1589 740 1659 Postremo
770 1589 832 1657 buc
859 1590 962 1657 refero
986 1590 1061 1656 dial.
1093 1592 1123 1670 t,
1156 1591 1211 1655 16:
1243 1614 1304 1656 non

179 1701 276 1765 sotum
303 1702 389 1781 apud
410 1704 583 1783 neqotiosos
606 1710 636 1765 et
657 1702 749 1766 rebus
770 1703 913 1777 intumos,
940 1700 996 1764 sed
1024 1704 1116 1763 ctione
1143 1698 1229 1776 apud
1250 1699 1305 1759 in-

180 1829 270 1873 venes
298 1816 326 1873 et
350 1810 573 1887 adolescentes,
599 1808 655 1873 ubi
678 1807 882 1873 Andresenus
906 1805 1061 1891 (itemque
1084 1803 1217 1890 plurimi
1240 1804 1307 1869 edi·

180 1917 280 1980 tores:
305 1912 423 1993 Orelli,
451 1914 574 1996 Ritter,
597 1914 712 1996 Halm,
735 1913 862 2001 Peter),
885 1918 924 1981 ut
947 1918 1045 1994 esset,
1070 1912 1154 1999 quad
1178 1915 1308 1978 antece-

180 2022 329 2088 dentibus
364 2023 460 2108 ,apud
491 2023 672 2109 negotiosos
706 2028 740 2089 et
773 2024 868 2089 rebus
900 2024 1053 2089 intentos‘
1080 2023 1306 2105 opponeretur,

181 2129 331 2208 ,iuvenes‘
369 2131 404 2195 in
444 2134 581 2210 ,vaeuo's‘
627 2128 709 2216 (eod.
750 2127 935 2196 Leidensem
975 2127 1116 2215 secutus)
1154 2128 1306 2194 mutavit.

179 2235 300 2303 Verum
329 2238 469 2321 ,iuvenes
498 2242 532 2302 et
554 2237 780 2303 adolescentes‘
803 2239 882 2304 satis
905 2241 981 2325 apte
1003 2238 1212 2325 opponuntur
1236 2255 1305 2314 ,ne-

178 2342 311 2431 gotiosis
349 2350 383 2410 et
420 2348 514 2413 rebus
553 2346 713 2425 intentis‘,
753 2346 845 2412 modo
883 2347 1132 2423 consideremus,
1171 2344 1305 2410 eandem

140 2497 146 2511 .
179 2450 245 2515 fere
285 2452 336 2517 his
375 2456 480 2521 verbis
517 2456 620 2522 inesse
658 2455 821 2519 notionem
859 2460 972 2539 atque:
1012 2454 1156 2520 homiues
1195 2455 1304 2518 aetate

179 2560 336 2644 provecti,
376 2561 431 2646 qui
470 2561 534 2627 iam
578 2561 806 2627 intentioribus
850 2564 964 2628 animis
1007 2584 1058 2628 res
1093 2583 1166 2626 suas
1203 2562 1305 2647 agant

179 2687 274 2750 quam
312 2668 443 2735 iuvenes
483 2671 517 2732 et
556 2668 782 2737 adolescentes.
844 2667 956 2754 Neque
990 2668 1204 2736 omittendum
1242 2671 1303 2745 est,

180 2776 319 2860 reposito
344 2781 480 2855 ,vacuos‘
496 2777 569 2841 tolli
585 2777 860 2861 aequabilitatem,
885 2801 949 2863 qua
965 2776 1146 2843 nominibus
1162 2797 1305 2861 synony-

180 2883 239 2948 mis
263 2885 454 2972 ,negotiosos
477 2888 511 2951 et
534 2884 627 2951 rebus
643 2884 797 2951 intentos‘
820 2886 1013 2972 respondent
1031 2886 1093 2951 duo
1108 2903 1303 2968 synonyma:

180 2991 320 3073 ,iuvenes
355 2996 388 3058 et
422 2993 658 3061 adolescentes‘.
703 2991 805 3070 Quam
833 2993 874 3058 ob
902 3015 970 3058 rem
998 2993 1032 3058 in
1054 2991 1177 3058 tradita
1199 2988 1303 3075 pluri-

182 3122 307 3166 morum
330 3100 486 3166 librorum
509 3099 646 3167 lectione
670 3101 878 3187 perstandum
902 3123 969 3167 esse
991 3101 1105 3167 iudico.

272 3207 334 3274 Sed
356 3209 420 3274 iem
461 3209 626 3274 redeamus
665 3206 706 3273 ad
744 3207 955 3293 propositum,
995 3210 1078 3274 unde
1115 3227 1226 3272 vereor
1264 3226 1305 3269 ne

180 3317 291 3403 paullo
313 3316 440 3403 longius
469 3314 603 3403 digressi
631 3314 745 3382 simus:
774 3321 947 3382 mouerunt
977 3315 1053 3382 dial.
1079 3315 1110 3396 8,
1139 3315 1169 3379 9.
1193 3335 1304 3379 numen

181 3436 210 3490 et
233 3427 440 3495 coelestianis
463 3423 494 3504 8,
519 3424 560 3489 14
583 3426 740 3490 sordidius
765 3432 794 3488 et
818 3426 975 3489 abiectius.
1012 3423 1103 3502 9,18
1128 3423 1252 3488 excudit
1276 3431 1305 3486 et

182 3536 382 3599 etncubraoit.
436 3532 466 3611 9,
492 3531 533 3596 29
564 3536 676 3596 miram
704 3542 733 3596 et
761 3535 906 3597 onimium
935 3534 1160 3597 liberalitatem.
1205 3529 1237 3608 9,
1261 3527 1306 3594 34

182 3644 345 3708 elaborare
369 3650 398 3705 et
421 3643 544 3724 efficere
568 3639 622 3725 (ct
649 3641 701 3719 11,
727 3639 747 3706 8
771 3642 894 3723 efficere
909 3649 939 3705 et
954 3643 1036 3719 eniti,
1059 3640 1115 3705 ubi
1131 3637 1306 3724 singularis

182 3750 230 3816 vis
244 3748 335 3816 verbi
357 3746 543 3835 posterioris
565 3748 706 3814 notanda
729 3751 788 3826 est,
812 3768 876 3832 qua
899 3746 1028 3813 notione
1044 3747 1134 3813 nullo
1150 3746 1213 3811 alio
1237 3744 1306 3810 loeo

146 3908 151 3921 .
183 3857 268 3941 apud
286 3854 434 3922 Tacitum
458 3855 520 3923 hoc
536 3857 668 3922 verbum
690 3855 815 3933 inveni3
838 3872 941 3938 neque
956 3871 995 3917 ex
1010 3853 1125 3918 ceteris
1140 3853 1307 3938 scriptori-

182 3967 241 4030 bus
265 3970 395 4049 praeter
422 3986 521 4029 unum
545 3962 705 4029 Oieeronis
734 3964 838 4030 locum
867 3960 944 4046 (div.
968 3959 1002 4025 in
1026 3958 1117 4028 anc.
1141 3962 1172 4041 8,
1196 3959 1240 4025 26
1272 3963 1306 4024 in

184 4093 244 4154 quo
267 4093 323 4154 cao
351 4076 425 4157 quid
447 4075 520 4137 eniti
544 4081 597 4135 aut
626 4073 700 4154 quid
722 4073 845 4153 efficere
866 4072 982 4153 possin
1004 4072 1086 4134 neto
1114 4073 1147 4134 in
1174 4070 1306 4133 otiorum

183 4202 237 4262 spe
260 4182 430 4263 relinquere
453 4181 599 4260 quanin
623 4181 763 4242 oratione
788 4199 857 4242 mea
877 4177 1004 4263 ponere)
1028 4176 1182 4263 indagare
1202 4176 1304 4260 potui,
