2942 4625
846 283 887 353 11

311 468 436 552 colligo,
462 447 520 534 sed
543 466 692 550 qnoniam
715 465 802 533 iuter
826 487 861 533 se
885 465 1046 532 simillima
1068 467 1146 532 mihi
1170 468 1330 552 videntur,
1361 488 1425 536 urna

310 575 344 641 iu
367 579 542 658 conspectu
564 594 695 657 ponam:

303 731 305 734 ’
409 701 450 765 Η.
485 701 502 766 Ι
526 697 570 766 80
592 701 699 765 ortem
721 722 759 764 oc
781 702 948 765 Palatium
965 708 1078 785 petunt

449 813 451 820 ¹
470 826 505 891 H
528 822 570 891 38
593 829 628 890 la
650 826 724 889 arbe
746 848 783 890 oc
796 828 869 910 foro
886 834 1104 911 temptamenta
1119 828 1259 890 ciciliam
1275 828 1424 893 bellorum

408 950 448 1016 A.
469 950 504 1016 Π
527 948 569 1016 34
585 972 653 1015 cam
673 954 812 1037 circites
838 952 973 1016 Vestales
989 954 1025 1022 lo
1032 954 1111 1037 foro
1128 960 1156 1016 et
1172 953 1288 1018 irtdlcio
1305 954 1423 1032 crudiri,

310 1080 448 1162 quotieas
469 1080 677 1142 testimouium
692 1077 838 1159 dicerent,
854 1084 939 1141 octos
954 1097 1019 1141 mos
1026 1078 1143 1162 fuerit.
1175 1077 1298 1143 Horum
1313 1079 1423 1145 nescio

310 1204 352 1249 an
374 1183 495 1249 nullam
516 1182 699 1250 iniecissem
714 1182 917 1265 mentionem,
941 1182 1006 1248 nisi
1022 1202 1131 1248 eorum
1146 1182 1354 1250 similitudine
1371 1186 1424 1250 de-

310 1290 399 1356 fendi
410 1309 508 1373 posse
528 1294 676 1373 putarem
688 1291 791 1357 verba
817 1290 861 1372 ,in
873 1289 1001 1356 comitio
1014 1310 1053 1356 ac
1069 1289 1161 1373 foro‘,
1179 1292 1423 1374 aPeerlkampc

310 1398 456 1464 extincta
478 1417 497 1464 e
516 1401 610 1463 textu
625 1397 688 1480 Ag.
706 1395 741 1462 2:
765 1399 903 1483 delapsio
920 1400 1096 1462 trittruolris
1111 1401 1294 1483 roioistcrio,
1311 1409 1346 1464 ut
1362 1423 1423 1464 orzo-

310 1514 456 1571 uameoto
466 1508 713 1571 clarissimorum
720 1508 860 1571 uirorum
872 1508 1078 1570 irrcomitio
1090 1529 1136 1570 ac
1150 1507 1235 1584 foro
1246 1516 1422 1572 urerentur.

311 1611 453 1678 Offendit
469 1616 577 1679 autem
591 1612 643 1681 vir
660 1613 774 1679 doctus
791 1632 862 1678 cum
877 1611 911 1677 in
928 1631 975 1694 eo,
994 1612 1078 1694 quod
1091 1613 1152 1679 duo
1164 1618 1336 1696 ponantur,
1354 1633 1425 1680 cum

310 1719 453 1792 sufficiat
474 1739 581 1803 uuum,
617 1724 685 1785 tum
714 1720 799 1802 quod
821 1718 930 1801 priore
953 1719 1023 1785 loco
1046 1719 1228 1786 nominetur
1252 1720 1422 1804 comitium,

309 1826 491 1909 posteriore
522 1826 636 1910 forum,
670 1826 760 1893 cuius
793 1831 920 1909 partem
951 1826 1113 1894 comitium
1147 1827 1250 1893 fuisse
1285 1833 1422 1894 constet.

311 1935 403 2018 Quod
426 1934 468 2000 ad
490 1934 631 2018 priorem
654 1934 776 2001 attinet
797 1953 937 2015 cansam,
971 1933 1083 1999 eodem
1114 1934 1185 2002 iure
1218 1934 1317 2001 etiam
1348 1934 1422 2018 illis,

311 2061 390 2124 quos
412 2042 505 2108 modo
523 2042 695 2125 celebravi,
720 2041 800 2107 locis
824 2042 1069 2106 alteramutram
1090 2061 1204 2108 vocem
1228 2042 1336 2108 delere
1352 2062 1423 2124 pos-

310 2168 434 2230 sumus3
450 2168 525 2215 uam
536 2149 583 2215 ibi
598 2168 723 2231 quoque
736 2147 885 2232 singulae
897 2167 994 2214 voces
1007 2148 1192 2214 sententiae
1205 2149 1422 2215 satisfaciunt.

310 2258 393 2323 Tum
408 2275 487 2324 vero
503 2255 625 2340 dubito,
650 2276 693 2323 an
709 2255 844 2322 Tacitus
860 2256 963 2323 verba
983 2254 1027 2337 ,in
1042 2255 1170 2322 comitio
1187 2276 1226 2322 ac
1241 2256 1323 2324 foro‘
1338 2255 1424 2322 idem

310 2365 420 2431 ualere
443 2363 584 2432 voluerit
600 2369 712 2446 atque:
736 2363 770 2429 in
787 2363 915 2430 comitio
932 2368 966 2428 ct
986 2366 1046 2428 sub
1062 2364 1201 2430 omnium
1225 2365 1334 2431 oculis.
1370 2367 1424 2430 Ita

310 2472 339 2538 si
361 2471 531 2554 scriptoris
555 2471 720 2538 consilium
744 2474 835 2538 recte
858 2469 1086 2553 intellegimus
1110 2491 1174 2537 uon
1189 2471 1254 2537 iam
1269 2471 1341 2554 erit,
1367 2492 1423 2538 cur

309 2581 411 2646 verba
433 2577 467 2644 in
490 2578 620 2645 dubium
642 2597 804 2646 vocemus.

396 2703 567 2770 Postremo
584 2702 683 2769 affero
712 2703 752 2770 G.
777 2701 838 2769 39:
868 2707 903 2768 io
924 2706 1036 2769 siloam
1060 2753 1067 2768 .
1092 2752 1100 2768 .
1125 2709 1272 2790 cupariis
1290 2714 1423 2790 potrum

310 2820 338 2877 et
364 2815 473 2896 priseo
497 2811 676 2898 foroaldioe
707 2833 830 2876 socrum
854 2862 861 2876 .
887 2862 894 2876 .
931 2820 1047 2894 content,
1083 2830 1158 2877 nam
1184 2811 1264 2877 illud
1303 2811 1423 2894 ,prisca

309 2918 490 2985 formidine‘
513 2917 601 2983 haud
633 2917 682 2984 ita
710 2917 875 2984 diversum
903 2937 976 2983 esse
1011 2918 1153 2983 arbitror
1187 2919 1228 2984 ab
1266 2918 1422 3002 ,auguriis

309 3027 457 3108 patrum‘,
474 3029 511 3090 ut
525 3024 738 3108 intellegatur
753 3026 842 3090 locus
859 3044 879 3090 a
894 3024 1070 3090 maioribus
1083 3025 1242 3106 quondam
1254 3045 1422 3092 consecra-

309 3136 362 3198 tus
376 3136 409 3198 et
421 3134 462 3198 ab
474 3131 711 3214 antiquissimis
727 3131 927 3214 temporibus
944 3151 1067 3198 summa
1081 3131 1269 3200 reuerentia
1279 3131 1420 3198 habitus

311 3238 460 3325 (quocum
483 3239 634 3306 conferas
657 3240 699 3305 H.
723 3240 772 3306 VI
788 3236 830 3305 15
846 3240 993 3305 Barbare
1013 3242 1079 3305 ritu
1096 3249 1124 3306 et
1141 3243 1262 3325 patriis
1285 3263 1421 3305 exsecro-

309 3347 445 3413 tioat'bus
468 3350 628 3413 universos
650 3348 779 3435 adipis.)
1420 3360 1422 3365 '

396 3472 516 3539 Verum
540 3471 638 3538 etiam
661 3470 758 3537 aliam
781 3474 821 3539 ob
845 3492 977 3538 oausam
999 3471 1053 3537 ille
1085 3472 1174 3539 locus
1205 3472 1421 3538 memorabilis

308 3577 385 3644 mihi
411 3577 555 3646 videtur:
591 3579 693 3645 verba
727 3583 873 3667 cupariis
903 3588 1034 3664 patrum
1061 3588 1090 3645 et
1113 3583 1224 3665 prisce
1252 3581 1422 3653 soroticllue

308 3685 1420 3770 socromplenumnequeinelegantemefficiuntversumhexametrum

308 3798 407 3875 atquc
422 3794 483 3858 hac
499 3792 578 3858 data
594 3792 790 3876 occassione,
816 3793 879 3859 etsi
895 3793 937 3858 ad
953 3793 1184 3876 quaestionem,
1202 3813 1285 3875 quae
1300 3794 1418 3877 agitur,

307 3899 412 3967 minus
435 3898 587 3982 pertinet,
615 3899 727 3981 paucis
753 3919 919 3983 exponam,
953 3900 1029 3982 quid
1051 3900 1092 3966 de
1114 3901 1273 3984 versibus
1310 3900 1420 3983 quiin

308 4006 417 4074 Taciti
439 4005 801 4089 scriptisinveniuutur,
827 4007 929 4089 deque
952 4008 1133 4074 rationibus
1154 4027 1263 4074 eornm
1278 4007 1419 4074 iudicau-

308 4114 383 4179 dum
405 4133 479 4181 esse
503 4132 661 4198 censeam,
686 4113 741 4196 qui
757 4115 949 4197 scriptorem
964 4115 1064 4181 talem
1083 4116 1255 4183 verborum
1277 4115 1420 4181 ordinem

309 4221 404 4288 anxie
426 4221 559 4290 vitasse
575 4221 642 4287 rati
663 4220 808 4289 librariis
832 4224 871 4287 ob
895 4240 1011 4289 versus
1034 4221 1068 4288 iu
1101 4226 1195 4289 textu
1229 4222 1419 4307 conspicuos
