2942 4625
772 266 828 341 Ὅ,

242 460 385 525 materia
417 456 526 523 deerat
542 476 590 507 '—
611 455 651 519 A.
672 453 754 520 XVI
772 450 831 519 18:
846 457 892 519 :iu
912 453 1043 538 speeiem
1057 455 1268 539 simplicitatis
1282 456 1361 519 uaci-

246 565 405 651 piedotur.
450 562 558 645 Atque
586 564 731 628 extremo
759 560 887 642 quidem
912 559 947 627 iu
968 559 1038 628 loeo
1070 559 1153 627 satis
1176 560 1263 627 clare
1294 579 1362 626 oer-

251 671 340 738 uitur
379 668 594 752 abundantia,
629 667 684 735 ubi
726 666 838 734 intuiti
871 667 979 734 suruu's
1014 665 1162 749 exempla
1201 666 1363 733 simillima

252 777 292 845 A.
309 778 357 844 VI
373 774 432 843 le:
455 777 613 842 silentium
641 825 649 841 .
666 824 675 841 .
691 778 727 840 iu
746 776 923 861 superbiam
937 775 1147 860 accipiebatur
1162 813 1205 826 -
1220 774 1289 841 XII
1304 771 1362 839 43:

246 886 383 972 stupam
420 892 538 971 opertas
575 891 604 949 et
640 891 710 949 orta
747 904 785 948 ea
822 904 856 948 eo
890 884 991 957 tames
1026 886 1062 948 iu
1090 882 1276 969 prodipium
1312 903 1362 946 aa·

251 991 434 1077 aipietatur.

339 1099 410 1165 Iam
438 1101 589 1181 superest
610 1094 689 1163 mihi
709 1096 904 1164 mentionem
925 1095 1037 1163 faeere
1058 1096 1215 1180 lotorum,
1237 1095 1273 1162 iu
1296 1093 1363 1177 qui·

250 1206 313 1272 bus
328 1205 383 1273 vel
397 1204 624 1272 Boettioherus
647 1203 808 1271 luxuriem
822 1203 1007 1287 perspexit:
1031 1203 1071 1270 A.
1088 1201 1157 1270 ΧΠ
1174 1200 1229 1268 17:
1253 1205 1362 1268 misera

252 1307 387 1401 lepatos'p
415 1314 539 1378 aeuum
566 1312 672 1378 literis
690 1312 872 1397 corporibus
886 1319 1019 1377 orantes.
1036 1349 1080 1360 -
1095 1310 1134 1377 V.
1152 1307 1186 1376 9:
1203 1310 1239 1375 id
1253 1312 1365 1375 aetatis

252 1441 385 1506 corpora
407 1422 444 1485 iu
468 1418 931 1504 Guuouiasatieata5q11ibus
954 1418 1026 1501 ipss
1049 1416 1208 1500 adiungo:
1231 1416 1283 1483 XI
1305 1413 1363 1483 29:

243 1528 395 1613 ‚podiam
436 1547 570 1613 purarum
603 1530 632 1592 is
668 1530 793 1611 torpori
825 1529 961 1592 umaime
983 1528 1169 1592 insueverat.
1189 1524 1280 1589 -Π
1304 1520 1363 1589 46:

256 1635 492 1723 Inguiomerum
525 1641 630 1699 taurus
663 1635 719 1699 uto
752 1638 787 1699 iu
827 1654 956 1718 torpore
992 1633 1085 1699 daus
1117 1653 1205 1698 omue
1250 1630 1365 1696 esau

257 1762 379 1807 uorum
408 1791 449 1807 ..
477 1741 659 1806 trudimur.
691 1739 749 1826 (of.
771 1740 849 1807 Sall.
874 1740 945 1806 Cat.
969 1736 1027 1805 24:
1056 1747 1201 1824 stuprum
1226 1743 1367 1824 corporis

255 1847 345 1915 Ourt.
365 1845 401 1932 5,
425 1844 681 1933 temptatorum
703 1869 845 1933 empore.
868 1847 968 1931 Vesg.
992 1865 1064 1914 een.
1080 1845 1116 1912 Π
1131 1842 1210 1912 565:
1234 1865 1366 1931 corpora

252 1958 337 2023 saltu
359 1992 403 2005 -
426 1955 469 2020 ad
492 1963 610 2021 terrare
631 1954 768 2042 misera.)

341 2062 487 2129 Probare
520 2065 629 2129 autem
662 2080 727 2130 non
754 2080 899 2146 possum,
935 2061 1020 2145 quod
1047 2060 1132 2129 idem
1165 2060 1217 2129 vir
1251 2054 1365 2127 doetus

197 2236 202 2245 ,
254 2168 321 2235 dial
342 2167 373 2253 5,
398 2166 458 2235 14:
481 2170 536 2235 sed
557 2174 661 2254 ipsum
683 2171 818 2235 soleam
839 2170 927 2255 apud
948 2192 1002 2236 aas
1022 2190 1200 2257 aoarpuam,
1223 2167 1366 2249 itemque

254 2275 294 2344 G.
310 2273 371 2343 38:
403 2297 441 2343 aa
462 2296 553 2361 saepe
575 2282 611 2343 iu
633 2280 701 2363 ipso
723 2279 803 2344 solo
825 2282 937 2344 vertier
963 2279 1100 2365 retipaut
1135 2274 1367 2343 abundantiam

253 2382 413 2467 dispicere
428 2382 492 2450 sibi
506 2382 647 2452 ridetur.
686 2384 769 2451 Nam
783 2384 818 2451 in
840 2383 963 2468 dialogi
983 2382 1112 2466 quidem
1133 2385 1203 2451 looo
1219 2382 1364 2466 solum,

254 2509 325 2558 oum
346 2488 471 2559 diserte
492 2490 676 2574 oppositum
698 2491 743 2559 sit
765 2491 990 2559 anteoedeuti:
1013 2495 1193 2569 societati
1210 2492 1366 2576 plurium,

253 2603 291 2665 ut
321 2597 356 2664 in
389 2616 450 2681 quo
484 2598 582 2686 sardo
613 2598 714 2666 totius
735 2598 930 2666 sententiae
960 2603 1130 2682 versetur,
1160 2600 1276 2665 abesse
1302 2615 1367 2663 non

253 2709 374 2788 potest.
415 2705 455 2772 In
478 2704 527 2773 eis
549 2711 673 2791 autem,
707 2724 791 2789 quae
814 2725 832 2773 e
855 2704 1031 2773 Germania
1054 2704 1158 2773 'attuli
1179 2703 1299 2788 verbis,
1324 2722 1367 2769 an

255 2812 440 2892 corruptela
477 2811 582 2878 lateat
620 2814 831 2881 vehementer
866 2812 988 2880 dubito.
1048 2813 1172 2879 Narrat
1205 2810 1290 2879 enim
1321 2809 1368 2877 ibi

254 2916 400 3000 Tasitus,
424 2918 510 3000 apud
531 2917 656 2986 Suebos
678 2938 791 3003 usque¹
803 2920 847 2987 ad
869 2919 1038 3004 canitiem,
1071 2920 1158 3002 apud
1179 2919 1262 2986 alias
1285 2918 1366 2986 Ger·

254 3042 418 3090 manorum
447 3030 563 3107 gentes
592 3045 667 3093 raro
689 3046 795 3110 neque
827 3026 893 3094 nisi
921 3026 1010 3094 intra
1039 3026 1194 3094 iuventae
1225 3025 1367 3109 spatium

253 3132 439 3199 horrentem
461 3131 612 3215 capillum
633 3138 824 3218 retorquere
843 3134 942 3202 moris
966 3153 1050 3201 esse.
1093 3135 1164 3200 Iam
1187 3138 1367 3217 sequuntur

253 3239 372 3308 verba:
396 3261 434 3304 aa
456 3260 548 3325 saepe
569 3243 605 3306 iu
627 3245 695 3326 ipso
717 3244 782 3309 sola
804 3246 915 3309 sortire
937 3243 1100 3329 reiipatur,
1124 3241 1159 3308 in
1182 3240 1306 3325 quibus,
1329 3246 1367 3308 ut

253 3348 316 3412 soto
343 3344 552 3431 defenderet,
584 3347 731 3416 Krituius
760 3346 1124 3436 (somptuosum
1150 3367 1268 3415 nexum
1294 3348 1366 3414 sen·

253 3451 428 3521 tentiorum
451 3453 581 3522 statuit:
614 3474 710 3523 senes
733 3454 860 3539 capillis
891 3454 926 3522 in
947 3454 1072 3523 restite
1105 3454 1226 3523 deiecti
1256 3459 1366 3522 tamen

255 3558 341 3641 quod
361 3559 548 3645 eapitiormn
572 3564 614 3629 ab
636 3568 776 3647 utreque
797 3566 893 3646 parte
919 3562 1010 3629 etin
1032 3562 1183 3647 oouipitio
1205 3566 1365 3646 superest,

254 3664 289 3733 in
322 3666 409 3750 solo,
451 3667 530 3736 ts.
564 3668 599 3736 in
632 3669 718 3737 nodo
761 3669 886 3739 veatae
920 3669 1071 3754 religant.
1130 3670 1234 3755 Quam
1266 3670 1365 3736 inter-

254 3771 471 3856 pretationem
492 3776 631 3857 probare
654 3776 785 3860 dubito3
815 3796 921 3860 neque
943 3777 1028 3844 enim
1059 3796 1171 3844 senum
1192 3776 1273 3843 illud
1293 3794 1366 3859 pro·

253 3878 359 3962 prium
381 3876 483 3946 fuisse
504 3881 640 3950 'Paeitos
662 3883 784 3968 tradit,
816 3885 876 3951 sed
897 3884 1075 3952 Suebomm
1104 3884 1242 3952 omnium
1263 3901 1366 3965 usque

255 3986 299 4053 ad
321 3991 531 4055 senectutem.
576 3989 649 4058 Hoo
672 3991 702 4059 si
723 3991 962 4060 eoncedendum
984 3995 1054 4075 est,
1088 3990 1182 4058 simul
1205 3990 1294 4057 eadit
1316 4006 1364 4072 ea,

255 4112 353 4177 quam
373 4092 427 4162 vir
448 4092 504 4163 ille
527 4095 641 4165 doetus
663 4099 822 4167 voeabula
844 4100 954 4183 ,solus‘
978 4100 1114 4166 subesse
1136 4097 1209 4166 vult
1230 4096 1298 4180 vis,
1330 4100 1367 4162 ut

252 4197 338 4270 idom
359 4204 473 4274 valeat
494 4207 594 4288 atque
624 4204 761 4290 ,nudust
807 4205 883 4273 Alia
905 4204 1008 4290 igitur
1034 4204 1161 4273 ratione
1183 4204 1287 4273 rerba
1309 4206 1367 4269 aut
