2942 4625
736 247 780 314 42

202 432 329 495 miserat
351 427 408 516 (of.
433 426 507 494 Seu.
532 426 572 493 de
590 427 646 522 ,ira
667 426 719 493 HI
741 424 783 492 41
807 434 974 492 oeneruur
993 426 1076 491 idem
1092 427 1162 492 ibas
1172 429 1310 512 populu

202 537 341 622 colitque.
384 534 457 603 Liv.
473 534 625 602 XXXIX
641 531 683 599 15
698 534 754 600 bos
769 556 831 599 esse
845 534 926 617 deos,
949 555 1025 619 quos
1038 534 1144 618 colere,
1167 539 1310 600 uenerari

198 645 386 730 necarique
411 646 545 708 maures
570 645 666 707 oestrn‘
692 642 907 706 instituissent.
964 639 1029 706 aio.
1058 640 1098 705 de
1124 645 1192 707 nat.
1221 641 1307 708 deor.

202 750 220 815 I
247 746 300 832 42,
331 747 406 815 119.
451 748 486 814 Π
509 745 562 830 28,
586 745 639 815 71.
686 746 788 831 Quint
814 744 900 829 Xl,
925 744 993 833 11.)
1017 744 1135 824 -,16.
1164 752 1309 834 qenuari

201 863 230 920 et
256 859 344 921 nasci
370 878 390 920 a
415 855 613 939 principibus
632 857 809 941 fortuitum
836 851 914 939 (or.)
937 890 981 900 —
1004 850 1056 919 18.
1086 854 1219 939 nouus
1248 877 1310 920 uon

201 963 288 1027 abra
314 962 407 1027 cerba
429 984 466 1026 ao
487 984 572 1028 oooes
594 984 714 1027 errasse
736 960 794 1047 (of.
817 960 871 1025 IH
896 955 940 1025 db
961 960 1214 1047 verbenasque
1233 963 1311 1027 duos

201 1076 289 1134 testes
320 1069 480 1134 habebant.
529 1068 609 1135 Hor.
633 1085 683 1150 ep.
707 1069 734 1150 I,
765 1064 794 1149 1,
827 1064 884 1132 34:
917 1075 991 1131 sunt
1022 1066 1115 1131 aerbo
1147 1090 1184 1132 ae
1216 1090 1310 1152 oaces,

203 1175 315 1261 quibus
341 1177 423 1241 bana
451 1177 548 1241 lenire
576 1176 712 1241 dolorem
735 1178 848 1259 possis
895 1172 989 1239 Ovio.
1019 1192 1080 1239 am.
1104 1172 1233 1258 11:114,
1257 1173 1309 1241 25.

202 1284 268 1347 illie
290 1305 345 1348 nec
366 1304 452 1349 ooces
473 1305 529 1349 nea
550 1282 644 1347 rerba
666 1283 811 1347 lucania
826 1289 948 1346 cenent.
963 1281 1037 1367 fast
1051 1280 1082 1344 V
1096 1278 1206 1347 aslis
1227 1283 1311 1348 uerbi

201 1411 317 1474 sensns,
340 1393 388 1455 ais
411 1412 447 1455 ea
469 1391 552 1454 uocis
580 1388 703 1475 erat.)1)
726 1426 771 1435 -
792 1384 846 1452 34.
869 1408 967 1473 ocyus
984 1395 1012 1451 et
1034 1389 1171 1453 irocertus
1191 1411 1309 1455 rumor.

204 1493 262 1581 (af.
286 1495 321 1561 Π
344 1493 396 1562 73.
420 1499 509 1583 oaqe's
532 1504 560 1561 et
582 1498 708 1560 incertis
730 1491 934 1579 auctoribus.)
950 1531 993 1540 —
1009 1490 1062 1560 52.
1091 1496 1223 1561 donaret
1243 1518 1309 1580 nra,

194 1603 373 1688 'tarytretur
399 1604 515 1667 altem.
545 1640 589 1651 -
619 1598 672 1667 84.
706 1602 788 1666 tanc
815 1600 921 1665 urben
948 1600 1088 1666 daubus
1116 1609 1144 1665 et
1172 1607 1311 1668 tectiset

202 1716 344 1795 conoesta
367 1709 511 1793 aplanen
537 1717 621 1774 stare
649 1708 777 1774 creditis
799 1706 877 1793 (or.)
900 1745 944 1754 -
965 1706 1046 1772 ibid:
1081 1710 1261 1773 continuum
1283 1718 1311 1774 et

200 1817 407 1880 irnuwrtalern
417 1825 560 1881 senatum
571 1814 648 1902 (or.)
661 1853 705 1863 -
715 1812 769 1881 85.
785 1835 909 1881 uersare
920 1816 1087 1880 contemtos
1103 1824 1132 1880 et
1146 1816 1206 1880 buc
1220 1824 1309 1902 atque

201 1922 277 1986 illac
299 1930 449 2009 torquere.
473 1960 518 1970 -
539 1921 671 1988 ibidem:
694 1925 729 1985 in
752 1923 885 1987 alamon
907 1929 1010 1986 mann
1033 1930 1061 1986 et
1082 1922 1137 1987 ubl
1155 1924 1310 2007 plurimae

201 2049 287 2093 oooes
302 2025 359 2112 (of.
377 2026 710 2115 aerumnasque
725 2030 821 2115 aulai
859 2027 899 2092 A.
920 2028 938 2093 Ι
954 2025 1010 2093 31:
1036 2030 1136 2093 multa
1151 2030 1311 2095 seditionis

201 2155 259 2199 ora
270 2133 436 2221 uocesque.)
453 2174 497 2185 -
511 2132 564 2202 86.
587 2138 724 2201 nancto
746 2143 775 2199 et
792 2136 895 2219 plana
909 2135 996 2201 urbis
1017 2137 1085 2200 loca
1099 2173 1144 2182 —
1158 2132 1202 2201 88
1214 2137 1309 2201 occul

202 2249 269 2305 tare
292 2248 321 2306 et
342 2242 453 2307 abaco
470 2262 622 2328 pauorem
643 2240 863 2326 nitebantur.2)

290 2472 314 2541 ¹)
331 2475 474 2530 Probanda
491 2474 516 2530 si
538 2479 612 2529 esset
628 2473 751 2529 Ernestii
774 2473 920 2540 sententia,
944 2490 998 2543 qua
1022 2481 1115 2545 negat,
1135 2476 1173 2542 ,in
1191 2475 1309 2546 agmine‘

200 2562 275 2619 uliud
293 2563 447 2634 siguificare
465 2569 548 2633 atque
567 2563 604 2629 ,in
622 2555 738 2628 itinere‘,
762 2562 821 2617 inre
839 2563 884 2618 hic
900 2564 988 2619 locum
1011 2564 1144 2620 baberent
1166 2564 1253 2620 verba
1276 2565 1325 2620 H..
1437 2560 1438 2579 ³

200 2653 215 2706 I
241 2651 290 2707 23:
317 2656 349 2706 in
375 2655 480 2719 itinere,
506 2655 537 2705 ln
563 2655 676 2721 aquine,
703 2654 734 2705 in
761 2655 922 2706 stationibus
948 2655 1158 2707 uetustissimam
1184 2672 1310 2724 quemque

200 2743 431 2794 militumoocons.
450 2740 502 2795 Sed
521 2756 581 2795 cum
598 2756 632 2795 ex
650 2742 711 2811 ipsa
728 2741 860 2796 orationis
878 2741 965 2796 forma
983 2741 1097 2808 eluceat,
1116 2742 1178 2808 tria,
1191 2759 1246 2798 non
1258 2744 1310 2798 duo

200 2830 278 2899 poni,
308 2830 359 2884 hoc
377 2829 484 2898 quidem
508 2829 537 2885 in
560 2830 617 2885 loco
636 2830 780 2886 discrimen
798 2831 871 2885 inter
893 2831 943 2884 has
960 2845 1041 2885 voces
1060 2831 1236 2887 statuendum
1254 2847 1311 2886 esse

200 2918 229 2974 in
256 2918 398 2987 propatulo
417 2923 468 2973 est.
504 2918 598 2989 Neque
617 2920 698 2975 aliter
715 2919 893 2975 iudicabimus
911 2918 950 2973 de'
962 2919 994 2974 A.
1013 2918 1093 2973 1119
1111 2927 1141 2974 ut
1158 2923 1189 2973 in
1207 2923 1311 2989 somine

200 3014 278 3076 atque
296 3009 393 3062 itinere
411 3010 502 3063 crebra
521 3026 549 3062 se
567 3010 697 3064 reditibus
715 3012 907 3064 ostentavisset.
926 3008 996 3075 Quid
1007 3014 1101 3065 autem
1112 3008 1223 3065 intersit
1239 3009 1311 3065 inter

200 3096 250 3150 has
267 3112 356 3163 voces,
374 3097 498 3153 Heraeus
517 3098 628 3167 exponit
645 3096 693 3165 (ad
705 3097 985 3165 Hist.123),oum,in
998 3096 1168 3154 itinere‘dioi
1180 3103 1312 3153 memorat

201 3184 398 3241 densioribus
416 3186 503 3242 totius
519 3188 655 3244 exercitus
680 3186 832 3251 itineribus,
856 3186 893 3252 ,in
915 3185 1032 3256 agmine‘
1054 3188 1087 3242 de
1111 3187 1311 3242 decursionibus

200 3273 247 3328 rel
265 3275 486 3344 quandocumque
503 3276 606 3332 milites
624 3276 653 3331 in
671 3275 765 3331 ordiue
787 3275 949 3342 consistant,
974 3280 1004 3329 et
1027 3276 1149 3332 conferre
1170 3293 1219 3331 nos
1236 3277 1312 3331 iubet
1432 3306 1433 3325 2

200 3361 259 3416 ΗΙ
276 3363 311 3417 36
329 3381 383 3417 non
401 3368 517 3418 contenti
534 3368 641 3433 armine
658 3364 683 3417 A
700 3363 716 3416 I
734 3362 770 3416 25
792 3366 871 3416 ceteri
883 3366 1003 3416 tribunal
1015 3366 1118 3431 inuenti
1135 3367 1240 3433 nomine
1258 3367 1311 3417 cir·

201 3454 369 3506 amoeniunt
386 3453 449 3506 ΛΠ
458 3452 492 3507 16
502 3460 532 3506 ut
546 3454 612 3507 ordo
624 3453 741 3520 agminis
751 3454 782 3504 in
794 3454 877 3504 aciem
887 3455 1033 3507 assisteret.
1051 3452 1079 3506 H
1092 3453 1133 3507 IV
1142 3452 1177 3507 35
1195 3457 1264 3507 extr.

289 3537 314 3609 ²)
331 3540 511 3597 Doederlinus
529 3540 636 3610 quidem
654 3541 672 3594 l.
690 3540 708 3595 l.
726 3540 767 3594 IV
779 3539 814 3594 45
832 3540 952 3596 occulne
969 3541 1080 3596 velandi
1092 3542 1138 3596 vel
1150 3541 1312 3611 contegendi

200 3628 293 3684 verbis
304 3629 507 3696 moumuribit,
525 3630 588 3685 abdi
600 3634 693 3684 antem
704 3629 772 3683 dicit
782 3630 819 3695 id,
832 3631 903 3699 quod
914 3629 1063 3684 amovendo
1075 3630 1211 3686 hominum
1229 3630 1312 3686 oculis
1430 3618 1431 3623 ¹

201 3717 390 3786 subtrahatur3
409 3734 490 3786 quam
507 3718 648 3773 notionum
664 3717 772 3774 illarum
790 3719 953 3774 varietatem
978 3718 1083 3774 elucere
1100 3726 1183 3789 putat
1200 3736 1216 3775 e
1233 3720 1311 3775 Gorn.
1429 3758 1430 3775 .

200 3806 268 3875 Nep.
285 3806 343 3861 Alo.
362 3806 391 3860 9:
414 3809 526 3875 pendas
552 3809 583 3860 in
606 3808 752 3862 lbraciam
778 3825 807 3861 se
833 3810 946 3874 abdidit,
972 3825 1087 3877 sperans
1115 3811 1153 3862 ibi
1174 3811 1311 3878 faciliore

196 3896 344 3963 fortunam
367 3912 447 3948 suam
470 3897 554 3949 oeneli
573 3913 663 3965 posse,
687 3902 716 3952 et
734 3913 769 3952 ex
786 3897 858 3952 Hist.
876 3897 920 3951 ΠΙ
939 3896 971 3951 11
992 3893 1105 3965 (eripuit
1123 3895 1310 3964 Saturninum)
1428 3906 1429 3925 ¹

202 3983 351 4034 obscuritas
369 3984 542 4050 latebrarum,
569 3987 665 4052 quibes
691 3988 866 4051 coenabatur,
892 3989 1046 4039 uacantium
1059 3989 1136 4055 forte
1154 3988 1310 4040 balnearum

198 4070 362 4135 suumne
380 4069 495 4122 ausu.
538 4069 684 4128 sulcatur
706 4073 773 4128 licet
795 4074 838 4127 urs
861 4073 978 4128 insons
1002 4074 1144 4130 naamon
1166 4074 1240 4130 inter
1263 4074 1311 4129 illa
1427 4046 1428 4073 ³

202 4153 295 4220 verba,
313 4170 378 4211 num
395 4155 424 4212 iu
442 4157 572 4226 omnibus,
595 4175 660 4217 num
677 4176 717 4230 eo,
736 4176 815 4232 quem
833 4176 915 4234 supra
931 4164 1041 4234 protuli,
1063 4163 1121 4218 loco
1137 4162 1210 4220 idem
1226 4163 1310 4221 intor-
