2942 4625
629 247 671 309 24

90 450 215 492 morum
239 432 426 511 congestum
451 430 508 491 aut
531 424 754 511 perspicuitati
778 428 836 490 aut
857 424 1037 510 elegantiae
1060 424 1211 487 orationis

92 535 245 599 inservire
274 533 442 611 iudicabit,
477 535 526 598 vel
554 533 607 598 hic
631 537 759 597 servata
789 532 955 615 utriusque
978 529 1213 616 significatione

90 643 221 728 propria
238 641 376 706 alterum
393 640 495 704 altero
512 640 671 705 illustrari
688 644 720 704 et
735 640 898 724 explicari,
923 639 990 703 illic
1005 660 1106 723 paene
1124 638 1214 702 nulla

91 751 258 816 notionum
292 747 477 814 diversitate
506 748 596 812 nullo
631 749 809 812 sententiae
837 746 913 834 (non
942 747 1011 811 dico
1045 745 1214 830 orationis)

93 858 285 923 detrimento
310 855 504 920 alterutrum
528 856 635 919 abesse
651 878 742 939 posse
758 858 890 919 statuet.
926 852 1034 937 Atque
1056 847 1214 938 posterius

93 966 221 1050 quidem
245 985 345 1050 genus
369 962 490 1045 optimo
508 963 577 1026 iure
594 963 771 1040 abundans
795 962 883 1044 prius
904 963 1065 1045 copiosum
1088 960 1212 1026 dixeris.

95 1072 207 1157 Neque
232 1071 316 1137 enim
340 1068 561 1148 Boettichero,
596 1068 766 1133 brevitatis
789 1066 955 1132 Tacitinae
982 1069 1214 1154 propugnatori

93 1181 328 1267 impigerrime,
352 1177 454 1240 libens
478 1175 734 1254 concesserim,¹)
770 1198 807 1240 ea
831 1196 970 1258 quoque,
1007 1198 1104 1260 quae,
1144 1199 1213 1243 cum

94 1288 218 1371 copiam
240 1284 402 1368 quandam
419 1286 587 1349 verborum
611 1305 688 1368 prae
712 1304 745 1347 se
769 1283 886 1358 ferant,
911 1289 1024 1348 contra
1047 1284 1214 1349 brevitatis

94 1398 210 1480 legem¹
232 1414 411 1477 repugnare
446 1392 632 1468 videantur,
674 1412 707 1454 re
736 1413 813 1455 vera
849 1392 914 1454 uim
950 1391 1213 1475 alacritatemque

93 1498 246 1566 orationis
281 1499 327 1561 ita
361 1520 494 1585 augere,
533 1502 570 1563 ut
603 1500 673 1582 ipsa
708 1489 831 1583 quoque
866 1498 951 1562 inter
986 1499 1213 1585 brachylogiae

95 1607 240 1690 exempla
275 1606 387 1671 referri
422 1607 553 1690 possint.
613 1602 697 1668 Mira
732 1605 875 1688 profecto
910 1610 958 1669 est
995 1606 1215 1691 brachylogia,

94 1737 176 1798 quae
199 1713 393 1778 sententiam
415 1715 560 1798 pluribus
584 1713 695 1798 augeri
718 1718 751 1776 et
773 1712 964 1795 amplificari
986 1714 1119 1797 patitur.

185 1821 299 1903 ltaque
322 1821 477 1905 bipertita
500 1822 538 1886 de
567 1820 616 1884 his
641 1820 717 1885 locis
742 1820 926 1904 quaestione
952 1821 1105 1886 instituta
1128 1822 1216 1907 prius

97 1952 148 1994 eos
172 1929 329 2005 tractabo,
354 1928 408 1992 ubi
425 1930 512 1992 notio
529 1929 633 1994 altera
650 1928 759 1993 addita
779 1927 876 1992 simili
892 1932 949 1992 aut
965 1928 1082 1994 certius
1106 1930 1218 1994 defini·

96 2023 149 2101 tur
174 2040 231 2101 aut
254 2036 377 2119 plenius
400 2036 590 2119 explicatur,
614 2035 726 2101 deinde
750 2035 790 2099 ad
813 2056 865 2098 eos
880 2058 931 2101 me
947 2043 1138 2116 convertam,
1164 2038 1219 2101 ubi

96 2144 214 2211 similia
238 2166 300 2207 non
325 2145 387 2208 iam
412 2144 547 2223 copiose,
571 2143 625 2207 sed
648 2143 849 2207 abundanter
872 2144 1152 2231 coniunguntur).

187 2251 296 2335 Atque
330 2252 365 2317 in
399 2251 556 2337 dialogo
591 2251 716 2335 quidem
752 2251 867 2333 prioris
895 2252 978 2335 quod
1006 2252 1071 2317 dixi
1095 2253 1220 2338 generis

98 2364 177 2428 haec
200 2360 352 2444 indagari
375 2361 535 2443 exempla:

190 2471 219 2548 1.,
244 2470 274 2532 5.
300 2471 447 2532 rnerncrie
481 2479 509 2531 et
538 2471 752 2532 recordatione
781 2466 834 2550 (ef.
860 2467 922 2532 oie.
947 2469 1035 2534 Lael.
1061 2469 1114 2549 27,
1143 2470 1221 2535 103:

102 2600 234 2664 qrrarom
258 2599 361 2639 rernm
385 2580 560 2640 recordatio
585 2586 613 2639 et
637 2578 794 2653 aremorici,
829 2582 856 2639 si
886 2598 948 2639 orta
972 2599 1039 2639 cntra
1060 2580 1113 2642 itte
1136 2584 1222 2642 occi-

101 2692 202 2752 disset.
228 2719 272 2729 —·
295 2704 384 2767 prov.
415 2704 500 2749 caus.
532 2685 582 2760 18,
611 2683 670 2747 43;
706 2687 803 2747 ultimi
837 2687 981 2765 temporis
1010 2689 1223 2751 recordatione

101 2808 127 2860 et
152 2795 288 2878 proairni
311 2795 485 2867 raemoric.)
509 2791 541 2867 4,
567 2791 587 2854 2
611 2796 757 2875 frequens
785 2802 813 2854 et
842 2795 969 2856 assidua
1007 2800 1167 2859 contentio.
1192 2795 1223 2874 4,

102 2907 133 2969 3.
158 2908 277 2984 agitare
301 2909 330 2962 ct
356 2901 482 2981 insequi.
520 2897 550 2975 5,
575 2898 618 2961 26
643 2909 752 2962 aretum
788 2910 817 2963 et
845 2911 992 2965 terrorem
1020 2904 1100 2966 altro
1129 2905 1222 2984 ferat.

102 3011 156 3094 (cf.
179 3009 242 3075 Oic.
260 3006 352 3071 Verr.
368 3004 415 3069 IV
436 3007 485 3084 19,
510 3007 568 3069 41:
593 3017 701 3070 metorn
726 3030 764 3072 ac
788 3006 950 3094 timorem.)
966 3013 998 3085 4,
1016 3008 1058 3072 28
1074 3020 1225 3092 perpetua

101 3123 239 3203 potentia
256 3139 294 3180 ae
316 3123 467 3198 potestate
490 3119 631 3178 triunitas.
657 3115 687 3192 5,
711 3115 754 3179 29
772 3120 901 3180 alienon
914 3119 1059 3199 perfugio
1075 3129 1103 3181 et
1120 3124 1224 3186 tnteta.

106 3229 136 3307 6,
161 3228 191 3292 5.
223 3229 317 3291 libero
352 3235 380 3286 et
414 3227 543 3305 inpendo
579 3226 680 3286 anima
715 3223 746 3301 6,
783 3224 803 3287 6
830 3229 952 3306 plenam
981 3236 1009 3288 et
1036 3229 1225 3310 frequentem

106 3339 226 3399 doniam
250 3332 281 3409 6,
308 3332 349 3394 14
374 3335 508 3396 tornines
523 3342 639 3396 ueteres
662 3354 700 3397 aa
723 3353 819 3397 renes.
843 3329 940 3415 (quod
957 3333 1099 3397 adhunc
1122 3335 1225 3399 locum

178 3652 198 3717 ²)
217 3654 236 3708 l.
256 3654 275 3709 1.
294 3673 322 3724 p.
341 3651 420 3705 LXL.

9 3806 11 3809 ¹
179 3743 197 3812 ²)
227 3742 326 3797 Rothii
350 3741 476 3807 libellus,
511 3744 559 3812 qui
589 3743 767 3797 inscribitur:
807 3743 900 3797 Taciti
934 3760 1089 3813 synonyma
1118 3749 1147 3800 et
1177 3764 1227 3817 per

9 3838 11 3863 ³
106 3829 139 3897 ἓν
168 3825 221 3898 διὰ
252 3832 344 3897 δυοῖν
375 3832 715 3902 dicta,Norirnbg.1826
744 3833 813 3886 mihi
833 3834 947 3902 praesto
966 3851 1020 3886 non
1039 3834 1109 3904 fuit,
1128 3836 1227 3906 itaque

108 3925 131 3978 si
153 3941 209 3993 qua
228 3923 285 3976 iam
306 3922 342 3976 ab
362 3922 415 3975 hoc
434 3922 546 3991 prolata
567 3922 664 3976 eodem
684 3923 767 3975 modo
786 3922 880 3992 posui,
908 3921 990 3975 venia
1015 3922 1085 3976 mihi
1104 3923 1228 3993 petenda

109 4015 161 4076 est,
181 4013 210 4066 et
230 4011 254 4064 si
273 4028 330 4079 qua
349 4011 387 4064 ab
406 4011 459 4064 hoc
478 4009 643 4064 iustioribus
663 4010 820 4063 rationibus
839 4013 964 4065 tractata
978 4011 1039 4081 ipse
1054 4012 1145 4066 minus
1164 4030 1227 4082 pro·

9 4144 10 4173 ,
110 4101 255 4153 habilibus
287 4102 450 4167 persecutus
481 4117 556 4161 sum,
585 4114 757 4167 magnopere
786 4098 881 4165 doleo,
910 4100 984 4168 quod
1010 4100 1070 4155 eius
1099 4102 1228 4156 doctrina

9 4176 10 4197 ¹
111 4186 260 4251 spectabili
280 4187 350 4241 mihi
369 4188 412 4241 uti
431 4204 486 4241 non
504 4187 594 4243 licuit.
