2942 4625
666 220 708 290 56

133 405 222 470 clera
249 423 288 470 ac
319 400 468 485 perfecta
495 404 548 469 001
574 402 655 467 haec
679 400 857 467 sententia:
881 399 955 466 flnis
978 400 1117 466 Neronis
1140 401 1246 466 laetus

132 510 235 592 primo
250 498 374 592 impetu
389 507 508 574 fuerat.
547 506 655 589 Atque
672 506 737 573 0101
751 507 812 573 hoc
829 506 958 589 quidem
972 506 1006 572 in
1022 507 1092 573 loco
1108 505 1246 573 forsitan

134 616 205 698 quis
222 615 351 699 dixerit,
374 614 572 682 brevitatem
588 632 659 680 eam
675 633 749 681 0000
769 612 1030 696 intellegendam,
1056 632 1120 695 qua
1140 612 1247 679 Taciti

133 724 237 790 animo
266 724 347 789 haec
370 724 547 789 obversata
570 738 643 787 esse
665 725 828 803 putemus:
863 719 1011 803 ,Neronis
1038 719 1112 786 finis
1140 720 1246 785 laetus

133 829 243 897 fuerat
270 828 373 912 primo
401 827 580 894 animorum
601 826 724 909 impetu
746 826 839 909 isque
867 826 1020 910 gaudium
1043 825 1161 894 civium
1183 846 1247 892 mo

133 938 250 1020 verat‘,
275 940 385 1003 tamen
401 933 489 1012 ,alios
512 933 568 1000 ubi
589 933 771 1016 inspexerit
792 933 827 999 id
849 952 953 1015 genus
979 934 1068 999 locos
1097 932 1248 1019 (maxime

131 1044 174 1110 H.
203 1039 337 1129 11134)
371 1060 471 1123 opera
504 1040 538 1107 in
573 1040 724 1107 eruendis
758 1039 853 1107 huius
888 1039 1106 1106 abundantiae
1141 1040 1248 1106 causis

133 1150 234 1217 semel
253 1152 352 1230 etque
374 1147 493 1215 iterum
515 1146 641 1214 frustra
664 1151 855 1230 consumpta
882 1146 1047 1230 concedet,
1075 1146 1251 1229 participia

87 1331 89 1344 Ι
134 1257 163 1323 01
184 1275 249 1323 000
273 1254 418 1322 omnibus
440 1253 506 1321 illis
529 1259 565 1320 at
588 1258 677 1321 certe
700 1253 868 1336 plerisque
888 1253 968 1321 locis
985 1252 1149 1336 superflua
1164 1273 1247 1335 esse,

132 1364 167 1429 in
190 1361 310 1430 ceteris
337 1366 446 1428 autem
474 1360 626 1430 excusari
653 1361 712 1427 sed
740 1380 805 1427 non
831 1360 902 1426 tolli
924 1360 1165 1444 abundantiam,
1190 1360 1250 1427 eti-

133 1468 216 1536 amsi
238 1468 430 1551 scriptorem
453 1468 560 1535 studio
588 1467 637 1534 rei
665 1466 784 1534 clarius
812 1466 1023 1549 explicandae
1051 1467 1181 1534 ductum
1210 1487 1250 1533 ea

135 1575 301 1643 addidisse
323 1594 491 1658 ponamus.

221 1701 334 1783 Neque
361 1700 410 1766 ita
435 1700 570 1766 multum
596 1699 751 1766 recedere
777 1701 819 1764 ab
847 1698 898 1765 his
922 1698 1077 1781 exemplis
1101 1697 1250 1765 existimo

134 1808 177 1891 id,
203 1807 288 1890 quod
309 1806 447 1890 legimus
471 1806 547 1872 dial.
571 1804 623 1889 41,
649 1803 682 1872 9:
707 1809 735 1871 si
759 1809 953 1871 inveniretur
975 1809 1095 1889 ciuitas,
1125 1809 1161 1870 in
1188 1828 1252 1891 qna

133 1936 221 1980 nemo
242 1922 392 1999 peccarat,
414 1934 627 1998 000000000οε
650 1922 726 1979 esset
748 1917 831 1978 inter
852 1916 1029 1978 innocentes
1049 1921 1156 1978 orator
1169 1915 1253 1978 aierit

134 2025 217 2087 inter
239 2043 332 2087 sanas
353 2021 501 2085 medicas.
532 2020 615 2084 Nam
631 2019 695 2086 etsi
710 2024 858 2103 apparet,
884 2039 945 2102 quo
962 2001 1096 2087 consilio
1114 2018 1251 2085 Tacitus

135 2127 306 2211 scripserit
329 2127 549 2211 innocentes,
581 2145 697 2208 nempe
724 2131 762 2193 ut
784 2131 920 2194 servata
947 2126 1105 2193 orationis
1132 2145 1252 2208 aequa-

134 2235 264 2301 bilitate
277 2225 426 2317 sequenti
447 2232 544 2318 ,inter
564 2235 672 2299 sanos‘
693 2233 909 2316 responderet
925 2233 1022 2318 ,inter
1036 2233 1251 2317 innocentes‘,

134 2348 244 2408 tamen
276 2341 312 2408 id
343 2341 449 2425 ipsum
483 2359 761 2422 supervacaneum
794 2361 868 2408 esse
894 2342 1011 2425 negari
1044 2361 1109 2407 non
1131 2346 1252 2425 petest,

136 2450 211 2531 quia
244 2448 324 2515 nihil
358 2447 428 2514 fere
454 2447 595 2514 interest
620 2447 708 2514 inter
733 2448 879 2515 homines
912 2468 976 2516 non
1007 2452 1182 2531 peccantes
1217 2453 1254 2513 et

134 2557 333 2623 innocentes.

226 2680 338 2764 Qualis
362 2679 407 2746 sit
429 2679 510 2746 haec
533 2678 733 2745 abnndantia
761 2697 919 2760 quamque
945 2680 1014 2746 late
1041 2684 1157 2762 pateat
1179 2699 1254 2747 cum

138 2808 179 2855 ex
203 2788 261 2873 010,
286 2806 369 2870 quae
391 2786 484 2852 modo
500 2784 576 2869 dixi,
594 2805 756 2869 apparere
772 2785 962 2869 existimem,
986 2786 1051 2852 iam
1072 2786 1253 2868 poterimus

135 2894 283 2961 iudicare
306 2893 346 2960 de
368 2895 439 2960 loco
461 2892 707 2960 intricatissimo
730 2893 886 2974 varieque
907 2895 949 2959 ab
965 2893 1144 2960 editoribus
1166 2899 1254 2959 trac·

135 3007 205 3068 1010
228 3002 270 3067 Η.
284 3002 319 3068 Π
335 2999 398 3067 41ι
422 3001 561 3087 undique
582 3003 699 3066 clamor
719 3005 960 3086 accurrentium,
980 3003 1252 3066 conclamantium.

137 3109 193 3174 Ita
227 3108 312 3174 enim
344 3107 540 3175 novissimus
569 3108 684 3192 editor,
719 3108 879 3191 Heraeus,
914 3107 1252 3188 1001000000111011;

136 3215 193 3282 alii
216 3215 282 3281 0110
308 3219 559 3297 proposuerunt:
587 3215 681 3282 velut
707 3214 852 3281 Pichena
883 3213 1057 3300 (probante
1084 3214 1252 3301 Bekkero)

125 3350 128 3355 ’
807 3341 838 3377 vo

136 3395 186 3478 id,
218 3393 302 3475 quod
329 3392 496 3461 Mediceus
519 3392 602 3460 liber
631 3393 776 3459 exhibet:
799 3394 1003 3460 domentiam
1029 3393 1080 3480 (00
1107 3393 1253 3459 additum

136 3506 264 3586 vetere,
294 3500 352 3568 sed
383 3501 449 3567 alia
475 3500 588 3588 manu)
624 3500 659 3565 in
685 3503 889 3577 recitantium
919 3500 1073 3584 mutavit,
1101 3500 1252 3567 Ritterus

137 3611 328 3695 palantiam,
351 3607 500 3675 Halmius
518 3609 603 3695 (cum
618 3607 761 3691 Ryckio)
777 3609 976 3674 actitantium
990 3608 1163 3690 legendum
1178 3627 1252 3675 esse

138 3722 261 3783 censet.
307 3716 416 3797 Atque
439 3716 499 3781 hoc
523 3715 651 3796 quidem
674 3720 821 3798 apparet,
847 3715 1104 3797 suprascriptum
1124 3737 1160 3780 00
1188 3735 1253 3781 000

139 3823 275 3890 fluxisse
310 3843 350 3889 00
384 3823 514 3906 ingenio
550 3823 677 3890 scribae
712 3822 938 3904 cuiuscumque
966 3820 1010 3908 (is
1034 3822 1118 3888 enim
1140 3822 1252 3905 procul
1335 3816 1345 3837 ‘

15 3994 16 4019 ,
140 3930 235 3996 dubio
260 3950 373 3996 sanam
394 3929 545 3996 finxisset
567 3929 703 4018 vocem),
729 3930 787 3997 sed
803 3929 875 3997 sive
898 3949 939 3996 ex
954 3931 1131 4013 archetypo
1147 3930 1252 3995 denuo

15 4030 16 4059 ¹
141 4037 288 4118 inspecto
313 4036 384 4104 sive
407 4036 534 4102 exalia
557 4037 640 4103 libro
663 4038 802 4119 petitum
824 4055 912 4123 esse;
935 4038 1020 4104 unde
1042 4039 1103 4104 hoc
1126 4055 1252 4118 quoque
1284 4050 1288 4057 ·

15 4194 19 4247 ,
141 4142 269 4210 elucere
292 4146 380 4226 puto,
408 4142 473 4209 iam
494 4142 529 4209 in
552 4143 729 4231 archetypo
758 4144 970 4229 depravatam
998 4150 1056 4215 aut
1083 4147 1253 4214 obscuram
