2942 4625
725 291 771 359 '63

190 470 273 534 illud
294 476 382 535 ante
399 470 613 554 praedixero
637 474 671 536 et
694 467 805 553 28,13:
843 476 872 537 si
898 476 1016 558 prins
1033 477 1247 560 praedixero
1271 482 1305 543 et

190 585 262 642 onte
286 580 321 642 et
338 580 434 661 prins
464 576 665 660 redundant,
698 577 839 659 itemque
864 577 964 665 (quod
986 600 1083 648 unum
1114 582 1148 648 in
1170 584 1304 666 reliquis

147 713 150 717 ·
192 682 300 749 Taciti
314 682 407 749 libris
420 687 513 750 extat
524 683 717 771 exemplum)
729 686 770 751 A.
783 685 834 752 XI
848 682 882 751 7:
895 687 975 752 nibil
990 709 1011 752 a
1023 711 1177 777 quoquam
1193 695 1303 777 expeti,

190 793 255 856 nisi
277 793 508 877 oainsfractas
529 801 615 857 ante
634 792 865 880 providerit)
882 831 925 841 -
946 803 1018 860 ante
1030 814 1095 862 non
1113 797 1304 880 requiritur3

190 917 295 980 neque
319 898 403 965 enim
425 899 598 980 providere
621 901 651 966 h.
675 900 696 966 l.
720 899 807 966 idem
830 900 1041 983 valebatque
1064 923 1198 988 curare,
1232 925 1304 971 con·

192 1007 308 1089 sulere,
334 1025 462 1090 cavere,
487 1007 546 1073 sed
568 1006 699 1090 proprio
723 1027 822 1074 sensu
845 1007 966 1075 dictum
990 1014 1050 1093 est,
1075 1014 1112 1076 ut
1133 1030 1206 1079 nos:
1232 1032 1305 1079 vor-

191 1115 353 1184 aussehen
376 1114 453 1201 (quo
478 1134 576 1182 sensu
591 1116 652 1181 hoc
674 1117 810 1182 verbum
831 1115 940 1181 redire
955 1116 995 1181 A.
1011 1117 1093 1183 XIV
1116 1115 1169 1201 59,
1193 1119 1241 1186 IV
1262 1118 1305 1185 58

191 1229 290 1307 atque
313 1223 387 1291 AI
418 1221 461 1289 27
483 1224 526 1290 H.
542 1224 595 1289 III
618 1221 661 1289 22
679 1227 829 1310 pacisce,
862 1223 902 1287 A.
919 1222 987 1288 XII
1010 1221 1031 1288 4
1057 1229 1205 1309 provisor
1237 1245 1304 1292 rec-

192 1330 317 1399 tissime
332 1330 549 1414 Nipperdeius
565 1329 699 1417 monet.)
722 1330 835 1397 Habes
851 1329 946 1396 huius
962 1332 1123 1398 ubertatis
1147 1335 1303 1417 exempla,

193 1439 380 1508 consideres
404 1458 535 1522 quaeso,
561 1459 657 1521 quam
673 1437 824 1521 angustis
838 1437 956 1504 finibus
980 1437 1225 1522 circumscripta
1248 1440 1321 1523 111ςΙ

193 1548 277 1629 quod
306 1546 335 1614 si
361 1546 491 1629 feceris,
517 1547 602 1612 hanc
634 1545 794 1612 luxuriem
820 1545 901 1611 adeo
935 1565 1000 1611 non
1028 1545 1196 1613 Taciteam
1222 1547 1306 1614 arbi-

191 1654 352 1738 traberis,
384 1659 423 1721 111
444 1653 485 1719 ab
509 1653 579 1719 eius
610 1652 741 1737 ingenio
765 1653 904 1719 ahenam
937 1671 978 1718 ex
1001 1652 1184 1737 Ciceronis,
1209 1654 1305 1738 Livii,

192 1761 327 1829 aliorum
351 1760 422 1828 sive
452 1760 595 1843 priorum
626 1760 697 1828 sive
721 1760 903 1842 aequalium
934 1760 1088 1826 memoria
1118 1760 1153 1826 in
1183 1762 1308 1844 scripta

193 1868 262 1936 eius
300 1868 474 1950 irrepsisse
508 1873 647 1935 statuas.
698 1868 797 1950 Apud
830 1867 1018 1933 Ciceronem
1052 1867 1137 1933 enim
1169 1868 1307 1952 legimus

191 1977 275 2043 Phil.
301 1973 336 2060 6,
361 1974 399 2046 3:
432 1986 504 2042 ante
530 1976 692 2060 praedico,
725 1975 813 2056 apud
835 1978 1000 2040 auctorem
1031 1975 1108 2040 belli
1139 1974 1233 2058 Hisp.
1266 1974 1306 2041 4:

192 2093 264 2149 ante
270 2085 448 2169 praemisit,
470 2083 556 2165 apud
571 2081 701 2150 Livium
719 2082 782 2148 XL
806 2079 849 2147 23
865 2090 937 2146 ante
948 2083 1197 2166 praemeditatis,
1222 2083 1309 2164 apud

192 2190 332 2259 Plinium
360 2208 410 2272 ep.
435 2187 487 2273 10,
518 2187 560 2256 15
583 2198 656 2255 ante
673 2191 837 2275 praedixi.
884 2187 925 2255 cf.
949 2188 1057 2253 Hand.
1082 2190 1212 2256 TursI
1243 2188 1308 2255 385

195 2301 228 2363 et
249 2296 493 2365 Drakenborch.
518 2298 570 2364 ad.
594 2296 668 2364 Liv.
692 2317 719 2363 s.
743 2317 775 2366 v.
799 2304 881 2362 ante.

280 2406 401 2472 Verum
416 2405 515 2472 etiam
529 2404 658 2488 longius
673 2405 734 2471 hoc
749 2404 784 2470 in
798 2403 930 2469 tramite
946 2402 1101 2486 progredi
1115 2403 1307 2485 poterimus:

193 2512 501 2594 frequentativa
513 2511 598 2578 enim
619 2531 702 2594 quae
720 2515 880 2580 vocantur
891 2512 994 2578 verba
1009 2510 1217 2604 nonnullisjn
1228 2512 1309 2577 locis

193 2618 327 2686 vocibus
354 2641 454 2705 saepe,
483 2620 588 2685 crebro
625 2618 871 2702 amplificantur,
899 2622 937 2683 111
966 2617 1006 2684 A.
1034 2617 1103 2683 XII
1130 2616 1151 2683 3
1174 2619 1217 2682 ad
1240 2640 1308 2683 earn

192 2747 250 2810 per
272 2730 403 2811 spadam
424 2728 660 2792 necessitudinis
675 2727 780 2792 crebro
796 2726 976 2791 cantitando
993 2747 1035 2810 pe
1046 2727 1114 2792 licit
1124 2725 1308 2812 patrnam2)

192 2869 237 2879 —-
264 2832 347 2899 XIV
369 2830 425 2899 52:
461 2835 631 2900 obiciebant
658 2836 752 2899 etiam
776 2835 966 2919 eloquentiae
1000 2833 1125 2897 landem
1158 2833 1216 2897 ani
1248 2832 1310 2896 sibi

192 2940 364 3004 adsciscere
375 2948 404 3005 et
414 2944 556 3004 carmina
568 2940 707 3005 crebrius
718 2937 1007 3026 factitare-XV
1024 2935 1079 3003 52:
1104 2942 1193 3003 onias
1208 2960 1309 3003 ornae·

193 3050 293 3111 nitate
320 3053 429 3130 captas
459 3046 575 3112 Caesar
602 3046 707 3112 erebro
730 3045 910 3112 cantitabat.
934 3082 978 3094 -
1001 3045 1179 3112 Abundant
1200 3044 1252 3110 his
1275 3044 1309 3109 in

192 3151 272 3218 locis
296 3152 402 3218 crebro
425 3157 461 3219 11
482 3154 628 3239 crebrius,
658 3151 687 3219 si
709 3154 813 3220 verba
839 3151 897 3218 illa
924 3151 1114 3239 (ventitare,
1139 3150 1309 3238 factitare)

192 3259 273 3325 nihil
295 3259 481 3342 significant
503 3260 580 3327 nisi:
604 3258 734 3342 saepius
756 3258 881 3342 venire,
906 3258 1052 3326 crebrius
1075 3257 1226 3345 faceres)
1243 3258 1310 3324 Sed

194 3370 230 3431 ut
251 3365 286 3431 in
308 3366 495 3435 universum
522 3367 573 3432 his
589 3365 699 3434 uerbis
715 3384 780 3432 non
796 3384 924 3448 semper
938 3366 1026 3432 inest
1041 3370 1100 3431 aut
1115 3366 1186 3431 sola
1200 3365 1309 3431 inesse

194 3471 291 3538 debet
313 3474 395 3540 haec
417 3471 506 3540 notio
529 3472 671 3540 iterandi
695 3471 793 3560 (satis
817 3471 862 3539 sit
877 3491 1007 3539 mouere
1028 3471 1068 3537 de
1084 3474 1185 3540 verbo
1202 3476 1309 3538 osten-

193 3578 287 3644 tandi
308 3579 348 3646 A.
372 3578 483 3647 1119:
507 3581 611 3646 crebro
632 3602 664 3646 se
688 3581 841 3646 militibus
865 3582 1084 3665 ostentavisset,
1108 3596 1213 3660 neque
1235 3577 1311 3644 hinc

192 3722 405 3736 m

265 3791 289 3862 ¹)
308 3794 342 3849 cf.
361 3794 509 3865 Nipperdei
526 3799 620 3851 notam
638 3794 673 3850 sd
690 3794 716 3849 h.
731 3794 751 3850 1.

264 3879 289 3951 ²)
307 3883 446 3940 Prioribus
465 3885 537 3940 enim
554 3884 583 3940 in
600 3884 678 3940 libris
696 3883 766 3938 talia
783 3884 850 3939 mihi
867 3900 921 3938 non
940 3888 1122 3939 occurrerunt

266 3968 291 4041 8)
309 3972 411 4028 Eodem
428 3974 536 4029 nomine
555 3973 677 4030 abundat
689 3975 850 4043 pleramque
871 3972 1025 4041 appositum
1036 3972 1120 4027 verbo
1132 3973 1226 4039 sotere,
1239 3972 1310 4040 qnod

194 4064 273 4115 extat
281 4061 336 4131 Ag,
347 4060 396 4117 22:
409 4064 485 4116 soliti
491 4065 651 4133 pleramque
663 4064 764 4116 damna
776 4064 889 4115 natatis
905 4061 1026 4114 bibernis
1038 4061 1174 4114 enantibus
1181 4078 1309 4130 pensare,

193 4149 317 4220 qnodque
335 4150 408 4206 hand
420 4150 566 4206 immutata
582 4150 689 4207 luxurie
707 4149 827 4205 recurrit
845 4151 917 4219 apud
929 4150 1006 4205 (taes.
1025 4149 1050 4205 b.
1069 4165 1091 4203 c.
1110 4147 1220 4203 11132:
1240 4152 1311 4217 qaod

192 4240 223 4290 tn
241 4240 306 4294 bollo
330 4241 490 4310 ptemmqsa
514 4242 633 4294 naidas
658 4239 802 4293 commoti.
839 4239 873 4294 cf.
891 4239 971 4297 Lucr.
990 4238 1031 4294 IV
1049 4236 1109 4293 604.
1154 4237 1185 4291 11
1203 4235 1309 4304 954155.
