2942 4625
649 182 670 251 4

102 383 177 432 nam
199 363 264 432 etsi
285 361 402 449 uagari
416 381 482 430 uon
496 365 616 448 potest,
639 362 702 431 hac
722 366 794 431 arte
806 380 879 431 eum
889 359 995 448 magis
1010 360 1216 448 perspicuum

102 471 240 538 reddere
261 470 305 556 id,
331 470 416 553 quod
438 469 663 553 descriptmus
686 474 748 555 est,
772 475 882 539 tamen
908 475 987 557 puto
1011 471 1214 558 concedetur,

101 580 286 647 ubertatem
309 583 399 645 certe
422 596 494 644 eam
515 576 587 645 iura
610 575 675 646 dici
696 597 805 661 posse.

189 686 302 770 Neque
325 684 465 752 alienum
488 689 541 751 est
563 686 605 751 ab
629 683 774 753 eiusdem
795 705 894 772 more,
918 685 1056 754 nominis
1080 687 1215 756 alicuius

101 793 172 863 sive
182 792 381 862 substantivi
390 792 461 861 sive
471 791 627 862 adiectivi
636 793 708 862 sive
716 778 812 863 verbi
826 793 1096 879 significationem
1107 794 1215 877 paullo

101 900 337 985 generaliorem
360 899 520 983 appositis
543 900 711 969 vocabulis
734 907 793 969 aut
814 901 942 986 plenius
969 901 1136 969 illustrare
1159 906 1217 970 aut

101 1008 205 1075 artius
228 1008 443 1093 restringerm
466 1027 506 1076 ac
528 1025 570 1075 ne
593 1009 635 1075 ab
657 1007 798 1092 integris
815 1008 943 1093 qudem
959 1008 1141 1077 enunciatis
1156 1011 1216 1077 hcc

100 1116 134 1182 in
157 1135 278 1200 genere
302 1115 466 1183 abhorret.

189 1224 278 1309 Quos
300 1223 389 1291 locos
412 1223 468 1290 ubi
490 1222 739 1309 seposuerimus,
763 1226 937 1293 restabunt
959 1224 1016 1312 alii
1034 1244 1095 1292 nec
1109 1223 1214 1308 pauci,

99 1330 272 1414 inquibus
299 1331 377 1397 bina
405 1335 462 1397 aut
489 1330 584 1414 plura
618 1350 799 1417 synonyma
833 1337 1075 1417 componuntur,
1110 1351 1215 1415 neque
1290 1315 1293 1322 ’

100 1438 203 1522 primo
226 1440 343 1505 obtutu
364 1438 548 1523 intellegas,
574 1438 651 1520 quid
673 1438 876 1523 spectaverit
898 1439 1048 1523 scriptur,
1074 1458 1145 1506 cum
1168 1438 1216 1506 sic

101 1546 306 1613 abundanter
328 1546 524 1631 loqueretur,
549 1545 604 1613 vel
627 1545 704 1629 quid
717 1545 903 1614 intercedat
918 1545 1114 1614 discriminis
1130 1546 1217 1612 iuter

99 1652 261 1722 vocabula
282 1653 339 1721 illa
361 1652 488 1720 similia.
534 1653 643 1738 Quare
665 1653 749 1721 haec
772 1654 920 1737 exempla
947 1673 968 1720 a
995 1637 1215 1737 superioribus

102 1761 311 1845 segreganda
327 1780 401 1829 esse
416 1759 537 1845 censui,
554 1765 592 1828 ut
607 1779 690 1844 quae
705 1760 771 1827 iam
785 1760 893 1845 paullo
910 1761 1095 1845 graviorem
1110 1765 1217 1828 osten·

101 1867 218 1935 darent
240 1868 487 1952 abundantiam;
504 1887 600 1951 quam
614 1868 815 1951 reperiemus
831 1868 1060 1953 gravissimam
1081 1868 1137 1952 ibi,
1161 1867 1217 1935 ubi

101 1980 216 2058 aperte
238 1981 372 2059 praeter
393 1975 625 2045 necessitatem
647 1993 753 2059 neque
776 1995 852 2044 raro
882 1976 981 2043 etiam
1007 1979 1141 2059 praeter
1164 1994 1217 2041 ex·

101 2083 337 2166 spectationem
358 2085 500 2168 scriptur
522 2081 642 2150 nomini
664 2083 763 2151 alicui
785 2083 887 2151 adicit
901 2101 1023 2168 vocem,
1049 2102 1113 2166 qua
1128 2081 1217 2149 not-io

100 2190 148 2257 illi
169 2190 344 2259 inhaerens
367 2193 488 2259 nullam
509 2196 637 2275 partem
664 2190 787 2258 certius
816 2191 969 2258 definitur
995 2208 1100 2273 neque
1128 2188 1217 2272 quid·

101 2318 197 2381 quam
219 2299 297 2368 noui
319 2299 504 2368 sentcntiae
526 2298 678 2367 infertur.
724 2298 795 2367 Nec
819 2299 938 2368 desunt
954 2297 1110 2382 exempla,
1135 2315 1217 2380 quae

100 2406 194 2474 nobis
217 2426 329 2476 vocem
352 2409 490 2476 alteram
512 2409 554 2474 ab
578 2407 684 2475 altera
713 2406 800 2474 illius
828 2406 992 2474 simillima
1026 2424 1218 2488 suspensam

101 2533 175 2582 esse
198 2517 346 2598 probent

188 2622 281 2691 Haec
302 2623 405 2707 igitur
417 2622 589 2706 praefatus
603 2622 669 2690 iam
684 2621 850 2690 conferam
864 2622 952 2690 lacos
966 2622 1066 2706 ipsos,
1092 2619 1217 2705 quibus,

102 2749 184 2813 quae
211 2730 304 2797 modo
339 2730 502 2815 proposui,
536 2731 657 2814 partim
690 2730 824 2798 uberius
858 2730 1064 2797 illustrentur
1098 2727 1184 2811 part’

101 2837 276 2905 artioribus
299 2837 416 2906 finibus
440 2838 758 2906 cicumscribantur.
791 2904 793 2908 ,
