2942 4625
720 206 764 274 48

186 380 263 468 (1111
286 383 392 464 magle
414 383 493 470 alio)
522 384 726 450 abundanter
754 384 898 451 additum
926 404 999 451 esse
1022 390 1133 452 statuo
1157 388 1294 453 alterum

185 490 327 571 verbum,
353 489 469 572 quippe
493 489 584 555 buius
607 489 695 555 notio
719 497 777 555 aut
799 491 884 555 omni
906 497 964 556 aut
990 510 1114 557 summa
1137 511 1177 558 ex
1199 499 1295 574 parte

184 613 245 675 par
268 593 313 659 sit
334 595 480 661 alterius.

272 700 1086 784 11111111111111111111111111111111111
1099 703 1139 769 de
1152 724 1292 788 synony-

184 823 306 871 morum
316 826 377 872 usu
389 806 550 889 instituta,
558 811 741 888 computato
758 809 973 889 exemplorum
987 829 1129 891 numero,
1147 810 1293 894 rationis,

185 931 279 992 quam
295 932 393 994 supra
408 913 495 978 inter
510 912 635 995 scripta
648 913 774 979 minora
781 915 891 981 valere
907 914 1097 997 invenimus,
1113 916 1296 983 meminisse

183 1018 318 1085 iuvabit.
357 1019 597 1112 Historiarum
636 1019 719 1085 enim
753 1019 842 1103 libri,
883 1040 1017 1101 quorum
1054 1022 1297 1102 amplitudinem

184 1124 333 1208 dialogus
364 1144 406 1190 ne
433 1130 528 1191 sexta
556 1125 683 1207 quidem
711 1145 752 1191 ex
778 1132 873 1207 parte
900 1133 1033 1209 aequat,
1069 1129 1172 1193 altero
1200 1135 1295 1194 tauto

183 1231 335 1297 maiorem
361 1231 416 1296 1111
449 1231 557 1296 libello
584 1251 749 1297 numerum
775 1234 1007 1315 praebuerunt,
1044 1252 1084 1298 ex
1110 1234 1295 1301 Annalibus

184 1355 262 1404 vero
297 1337 392 1418 duplo
426 1338 578 1402 maiorem
604 1356 769 1403 nnmerum
804 1357 898 1419 quam
930 1357 948 1404 e
986 1338 1180 1404 Germaniae
1213 1340 1297 1406 libro

184 1442 290 1525 hausi,
315 1443 405 1509 cuius
434 1443 572 1509 ambitus
600 1443 724 1509 decima
752 1450 847 1509 sexta
873 1450 968 1525 parte
995 1445 1097 1509 miuor
1125 1452 1178 1511 est
1201 1467 1298 1528 quam

183 1548 318 1615 illorum.
347 1549 410 1632 Qui
421 1568 615 1632 progressus
632 1548 718 1634 (sive
733 1549 838 1616 mavis
854 1550 1040 1637 regressus)
1063 1551 1150 1617 inter
1166 1552 1297 1634 singula

186 1655 312 1736 scripta
327 1655 481 1722 notabilis
497 1675 559 1737 quo
576 1655 694 1721 clarius
712 1655 862 1738 emineat,
887 1662 1071 1737 comparato
1096 1658 1297 1741 singulorum

184 1761 305 1827 ambitu
321 1781 392 1828 cum
408 1781 538 1827 numero
555 1762 771 1842 exemplorum
786 1762 860 1827 inde
876 1762 1064 1828 haustorum
1079 1763 1166 1828 intra
1188 1764 1293 1830 denas

184 1867 322 1950 paginas
346 1867 512 1954 (edItionis
528 1867 735 1953 Halmianae)
752 1867 882 1949 Dralogi
906 1874 939 1932 et
960 1869 1153 1935 Germaniae
1176 1869 1296 1936 vicena

185 1981 351 2057 quaterna,
368 1974 541 2056 Agricolae
557 1973 714 2055 duodena,
730 1973 949 2039 Historiarum
969 1979 1096 2056 octona,
1122 1975 1299 2042 Annalium

185 2085 281 2146 terna
304 2080 450 2161 exempla
472 2099 522 2144 me
546 2077 798 2160 deprehendisse
821 2098 952 2144 mouere
967 2080 1072 2146 velim.
1097 2120 1140 2127 —-
1165 2081 1298 2147 Genera

185 2191 293 2252 autem
316 2205 565 2268 synonymorum
587 2185 616 2251 si
639 2185 881 2268 diStinguimuS‚
918 2185 1083 2251 rarissime
1107 2185 1298 2271 (sexagiens

184 2292 268 2379 fere)
291 2294 402 2375 verba,
425 2293 521 2375 longe
538 2293 682 2358 crebrius
699 2291 861 2378 (centiens
878 2292 1110 2377 quadragiens)
1134 2292 1300 2361 adiectiva

185 2405 219 2465 11
242 2399 406 2481 adverbia‚
431 2398 621 2479 saepissime
637 2419 715 2465 vero
732 2398 850 2484 (paene
867 2399 1070 2485 ducentiens)
1087 2400 1300 2467 substantiva

186 2506 304 2573 similia
328 2505 505 2586 composita
528 2524 601 2570 esse
624 2505 815 2571 invenimus.
1146 2581 1149 2585 .

272 2611 402 2677 Dixerit
424 2610 505 2693 quie,
530 2630 711 2693 synonyma
733 2610 789 2675 ubi
804 2610 960 2692 coegeris
974 2610 1296 2692 circumspiciendum

185 2724 246 2800 111,
271 2717 386 2799 quibus
409 2716 589 2782 rationibus
613 2717 753 2798 scriptor
775 2717 809 2781 in
825 2736 934 2781 eorum
950 2736 1010 2782 usu
1027 2717 1100 2782 duci
1116 2737 1151 2783 se
1175 2738 1293 2800 passus

185 2824 237 2902 sit.
284 2823 343 2889 (lui
376 2823 633 2905 respondendum
660 2829 725 2905 est,
760 2824 946 2905 plerumque
975 2822 1143 2888 consilium
1178 2824 1295 2905 dispici

185 2932 312 3013 nullum,
320 2949 423 3011 neque
434 2930 689 2997 horumomnium
701 2949 721 2995 a
734 2930 893 3012 scriptore
904 2928 1063 2994 rationem
1074 2930 1295 3013 repetendam,

186 3038 245 3103 sed
266 3043 404 3102 naturae
428 3035 585 3101 sermonis
608 3035 703 3101 latini
726 3056 766 3101 ea
783 3036 993 3102 condonanda
1016 3054 1098 3101 esse.
1131 3035 1298 3101 Interdum

186 3148 293 3207 autem
310 3143 351 3207 ad
364 3141 566 3233 efficiendam
579 3143 634 3208 vel
650 3143 844 3209 servandam
861 3141 1016 3207 orationis
1033 3141 1298 3221 aequabilitatem

185 3250 338 3314 nonnulla
361 3268 432 3313 111
454 3248 656 3314 abundanter
679 3247 844 3312 addidisse
867 3248 900 3312 in
923 3248 1092 3329 propatulo
1117 3252 1177 3312 est.
1224 3247 1295 3329 Quo

185 3353 219 3419 in
246 3374 377 3420 numero
413 3374 483 3420 cum
510 3354 575 3419 alia
602 3360 668 3418 tum
696 3353 776 3417 haec
803 3352 919 3418 habeo:
965 3354 1007 3418 H.
1036 3353 1053 3416 I
1085 3349 1125 3416 81
1167 3353 1297 3435 trepidi,

187 3480 317 3526 manere
341 3481 379 3526 ac
402 3459 599 3541 deprehendi
622 3478 716 3539 quam
740 3458 854 3540 fugere
870 3478 908 3523 ac
924 3458 1070 3539 dispergi
1085 3458 1298 3540 periculosius

187 3566 281 3632 foret.
328 3563 450 3632 11124
485 3565 566 3631 alios
600 3564 722 3644 pudore
750 3569 784 3629 et
816 3564 953 3646 probris,
989 3563 1107 3628 multos
1141 3565 1236 3630 laude
1264 3571 1299 3631 et

187 3674 329 3755 hortatu,
355 3691 464 3737 omnes
488 3691 546 3752 spe
569 3669 799 3750 promissisque
823 3669 1014 3736 accendens.
1046 3669 1094 3735 IV
1109 3666 1129 3734 7
1147 3676 1235 3736 sorte
1264 3676 1299 3736 et

190 3798 273 3844 urna
287 3798 393 3844 mores
408 3797 473 3843 non
489 3775 642 3856 discerni3
659 3775 816 3858 suffragia
828 3781 862 3841 et
878 3775 1148 3842 existimationem
1164 3782 1298 3842 senatus

189 3885 333 3951 inventa.
379 3880 556 3949 1117211
580 3882 650 3963 quis
674 3882 707 3947 in
731 3883 907 3949 certamine
930 3882 1078 3964 iurgiove
1107 3880 1298 3948 seditionem

190 3995 247 4053 aut
280 3988 404 4053 cladem
438 3988 643 4053 commilitoni
677 3989 865 4054 obiectaret.
916 3989 955 4053 A.
983 3989 1069 4054 XIII
1096 3987 1116 4053 6
1144 3989 1298 4069 pleraque

191 4091 344 4180 auspiciis
378 4096 412 4155 11
447 4090 589 4157 consiliis
624 4112 718 4174 quam
752 4094 826 4159 telis
860 4097 894 4157 11
924 4094 1071 4160 manibus
1103 4094 1183 4175 geri.
1229 4094 1298 4157 Iam
