2942 4625
766 256 806 316 17

225 459 322 520 snpra
346 435 456 519 paucis
481 434 681 509 adumbrato,
712 435 773 497 nisi
802 433 885 516 quod
915 433 1026 501 iubis
1061 433 1196 497 nimium
1221 432 1346 497 videtur

223 546 392 610 indulsisse
415 542 463 606 illi
480 540 710 623 consuetudini,
728 562 800 604 cum
816 530 954 606 alierum
978 543 1109 605 verbum
1127 542 1230 605 altero
1245 563 1346 624 paene

223 654 388 717 obruatur.

313 756 373 823 Sed
409 758 576 823 admodum
612 779 687 820 rara
721 761 797 819 sunl
821 759 975 841 exempla,
1011 759 1065 821 ubi
1098 777 1222 821 meram
1245 758 1347 821 abun-

223 870 365 936 dantiam
382 866 560 950 perspicere
575 886 751 947 possumus,
775 864 869 947 longe
885 867 1046 931 crebriora
1066 889 1112 942 ea,
1128 866 1183 929 ubi
1200 866 1346 928 nonnihil

224 976 390 1039 immutari
415 974 607 1037 senientiam
633 974 682 1035 vel
705 994 821 1036 novum
846 973 919 1036 addi
943 975 1175 1038 concedendam
1198 979 1257 1040 est.

312 1080 427 1157 Qualia
451 1079 645 1143 invenimus:
680 1062 724 1141 H.
746 1077 778 1139 II
805 1080 856 1144 12.
885 1104 947 1145 non
971 1085 1065 1145 ltalia
1088 1086 1169 1145 adiri
1199 1103 1254 1145 uec
1278 1084 1347 1143 loca

227 1193 368 1280 sedesque
390 1192 515 1271 patriae
538 1189 727 1250 uidebantur.
779 1169 831 1253 15.
855 1212 995 1252 securam
1011 1185 1133 1252 hostem
1150 1211 1188 1252 ac
1203 1210 1345 1251 successu

230 1319 324 1359 rerum
346 1299 506 1361 socordius
531 1306 676 1377 aqentem.
714 1292 767 1379 (cf.
800 1296 849 1358 III
875 1297 927 1360 79.
957 1301 1112 1360 incautum
1137 1309 1166 1360 et
1190 1309 1346 1378 tamquam

230 1408 269 1467 ad
282 1411 376 1469 uictos
401 1400 549 1486 ruentem)
565 1400 598 1465 II
615 1403 658 1466 30
674 1406 743 1482 pius
759 1407 878 1480 uirium,
893 1428 991 1487 prope
1009 1409 1182 1487 duplicatus
1198 1410 1348 1487 leqianum

227 1516 471 1594 auxiliorumque
493 1533 636 1575 nicrueras
661 1508 713 1597 (cf.
740 1512 780 1574 76
804 1533 910 1575 nouem
934 1517 1065 1596 teqiones
1087 1519 1235 1592 inthrae,
1264 1514 1349 1573 rudia

227 1626 290 1685 acie
304 1625 493 1697 'eabanstaa
517 1644 578 1685 non
602 1622 759 1682 discordia
783 1628 964 1700 corruptae)
988 1622 1032 1685 34
1050 1623 1212 1683 ctarrdebat
1227 1630 1349 1700 peritam

225 1733 318 1792 barris
350 1730 495 1808 imposita
528 1734 557 1786 et
590 1730 622 1788 in
646 1737 815 1790 eatremam
850 1750 958 1791 nauem
994 1733 1113 1791 astricta.
1153 1728 1210 1793 41.
1245 1730 1347 1790 redire

223 1839 327 1917 pulsos
356 1846 384 1897 et
414 1855 548 1915 prquam
572 1857 724 1898 resurnere
748 1839 855 1916 caepit.
890 1835 940 1899 III
964 1836 984 1899 8
1012 1842 1204 1899 incruentam
1233 1848 1261 1899 et
1285 1840 1350 1899 sine

224 1947 305 2007 luctu
336 1946 513 2016 victorinum
537 1941 618 2004 ibid:
654 1946 772 2024 qloriae
807 1947 916 2006 acidus
940 1955 1031 2026 atque
1055 1965 1141 2007 annm
1165 1946 1233 2006 belli
1256 1947 1349 2006 decus

224 2054 282 2114 sibi
306 2055 448 2114 retinens.
474 2048 527 2113 53.
552 2054 668 2114 maiore
691 2054 815 2127 damma,
843 2055 976 2132 plurium
999 2056 1119 2115 urbium
1141 2054 1278 2114 eacidiis.
1305 2050 1348 2114 65

223 2161 410 2222 sermonibus
433 2161 470 2220 de
495 2179 574 2239 pace
591 2161 800 2239 ponendisque
816 2182 872 2239 per
888 2164 1082 2224 condemnem
1100 2165 1197 2224 armis
1215 2163 1344 2240 aqitare.

226 2263 387 2352 (similiter
412 2266 469 2332 66:
494 2288 602 2349 pacem
623 2277 651 2329 et
675 2270 868 2332 condiciones
892 2270 1094 2342 adimebant.)
1130 2265 1178 2330 IV
1202 2268 1244 2331 75
1268 2289 1351 2331 uana

232 2386 261 2437 et
296 2379 363 2438 sine
396 2377 513 2437 uiribus
536 2379 669 2438 nornine.
707 2376 749 2437 86
774 2379 926 2457 disparem
952 2381 1159 2458 purioremque
1193 2387 1348 2441 natricum.

232 2479 298 2544 Va
319 2504 414 2547 nouos
435 2487 512 2545 ritus
535 2486 766 2565 contrariasque
796 2489 904 2547 ceteris
927 2487 1114 2549 mortalibus.
1135 2483 1169 2549 5.
1194 2488 1309 2548 tributu
1324 2495 1353 2547 et

230 2593 322 2671 stipes
344 2593 416 2653 illuc
440 2593 653 2672 conqerebant.

319 2695 429 2781 Neque
453 2697 665 2762 Annalium
691 2699 767 2763 libri
791 2699 910 2763 talibus
934 2705 1045 2763 careni
1068 2699 1235 2781 exemplis:
1271 2697 1295 2771 Ι,
1320 2701 1350 2762 4.

228 2810 323 2886 prisci
348 2817 376 2869 et
400 2810 511 2887 intepri
534 2811 636 2871 moris.
673 2806 717 2871 20
741 2812 898 2889 antiquam
924 2811 1092 2888 duramque
1126 2811 1272 2869 militiam.
1309 2807 1351 2868 28

231 2923 349 2977 noctem
385 2917 532 2977 minacem
568 2924 596 2977 et
629 2919 660 2977 iu
695 2918 793 2977 scelus
827 2925 1004 2994 emqrturum
1041 2915 1083 2977 70
1117 2935 1179 2976 aaa
1206 2923 1234 2976 et
1257 2919 1352 2976 mertui

230 3023 381 3084 hortatus.
406 3019 439 3083 II
464 3023 482 3084 6
506 3026 689 3103 inspeciem
715 3045 754 3084 oc
778 3032 922 3084 terrerem
951 3021 991 3083 13
1014 3024 1148 3101 perfidas
1166 3032 1194 3083 et
1210 3032 1352 3102 ruptores

226 3131 323 3208 pacis.
359 3128 403 3190 24
430 3134 622 3193 nouissimum
647 3151 685 3192 ac
707 3134 772 3193 sinc
795 3135 885 3192 terris
909 3116 1020 3192 carue.
1041 3129 1083 3191 39
1108 3133 1150 3191 ad
1173 3133 1294 3192 uaniora
1320 3140 1349 3192 et

227 3240 324 3317 maqis
346 3240 531 3318 praecipitia
555 3259 727 3301 conuersus.
764 3236 816 3301 43.
850 3239 985 3299 Tiberius
1008 3247 1041 3298 ut
1063 3241 1224 3318 proprium
1247 3248 1275 3300 et
1297 3241 1346 3300 sui

227 3348 384 3424 sanquinis
421 3347 553 3411 Drusum
588 3348 722 3425 fouebat.
766 3345 819 3410 82.
855 3350 941 3408 ineat
982 3348 1191 3407 credulitatem
1225 3362 1288 3403 riou
1322 3351 1350 3403 et

221 3455 397 3531 'promptior
419 3456 499 3515 inter
523 3455 666 3515 tenebras
690 3457 868 3534 affirmatio.
902 3452 951 3516 III
976 3454 1028 3517 12.
1058 3456 1176 3513 incerta
1200 3453 1300 3512 adbuc
1322 3460 1351 3512 et

226 3562 396 3622 scrutanda
419 3569 499 3624 sunt.
537 3559 591 3624 33.
627 3563 808 3624 imbecillum
831 3571 859 3624 et
882 3566 1029 3640 inqmrcm
1054 3561 1210 3622 laboribus
1231 3579 1349 3623 secum.

228 3664 268 3727 66
292 3671 392 3731 maior
414 3671 447 3730 in
471 3670 535 3730 dies
554 3676 587 3731 et
609 3671 750 3747 iniustior
780 3671 833 3730 eis.
875 3668 926 3730 to.
968 3671 1054 3747 (aqu,
1086 3670 1226 3741 crist-itas,
1251 3668 1350 3728 deseri

226 3776 346 3851 itinera,
382 3779 464 3856 fora.
504 3773 551 3837 Vl
578 3777 593 3837 1
632 3778 765 3863 farinam
800 3786 829 3837 et
853 3778 966 3837 decora
995 3796 1128 3853 corpora
1155 3774 1207 3836 22.
1231 3777 1298 3853 [uta
1322 3782 1349 3835 et

225 3887 403 3949 necessitate
431 3884 619 3945 inmutabili.
644 3880 694 3945 XI
720 3883 762 3946 36
791 3886 968 3945 conuentum
1003 3884 1050 3943 lais
1086 3894 1114 3944 et
1148 3902 1278 3962 pronum
1302 3882 1345 3942 ad

225 3992 476 4054 misericordiam.
500 3988 565 4054 XII
591 3990 631 4054 14
654 4013 717 4052 rem
741 3995 773 4052 in
796 4010 901 4052 casum
925 3993 1000 4052 dare
1014 3994 1193 4072 proelioque
1214 3990 1349 4070 experiri

225 4101 339 4162 statuit.
366 4096 446 4161 XIII
463 4098 505 4160 29
518 4102 604 4161 uarie
617 4101 722 4161 habita
736 4119 774 4160 ac
785 4118 878 4177 saepe
895 4107 1011 4159 cantata
1024 4099 1091 4159 eius
1107 4103 1152 4160 rei
1168 4102 1280 4179 forma.
1295 4095 1347 4158 35.

226 4207 352 4278 (uallum
376 4209 568 4288 sessumque)
593 4210 682 4287 qnasi
704 4227 786 4268 traria
810 4214 838 4267 et
862 4210 940 4266 mira
965 4207 1105 4270 uicerunt.
1130 4203 1209 4268 XIV
1225 4204 1268 4267 28
1286 4226 1347 4265 uu-

1169 4295 1187 4346 2
